2678 4546
697 39 763 90 16Ἄῦ

139 225 245 269 nouum
259 212 463 267 testamentum
482 224 500 268 a
521 207 637 266 doctore
652 205 782 265 Luthero
797 206 959 281 germanice
974 219 1089 265 versum
1107 204 1268 281 incidimus,
1284 209 1314 269 in

140 317 220 389 cujus
235 314 324 386 loliis,
348 330 411 386 quae
430 312 505 371 libro
525 310 645 387 praefixa
660 315 755 383 erant,
781 328 868 371 manu
883 328 981 371 socrus
996 313 1114 385 propria
1128 313 1192 371 hoec
1207 315 1313 389 scripta

141 419 263 478 vidimus
279 435 312 477 ac
326 419 416 478 latine
431 424 575 491 utcunque
590 417 779 476 reddidimusz
805 417 910 475 »Anno
926 416 1142 477 domini-‘1526
1158 419 1236 478 inter
1251 435 1312 492 sep

140 527 239 584 tiniam
254 531 284 584 et
298 529 426 584 octavam
442 525 528 583 horas
543 523 680 597 invigilia
695 523 839 598 paschatis
856 525 886 581 in
901 522 1116 582 arce'Arnstadt
1130 524 1311 585 suh-noctem

140 635 209 690 nata
224 635 267 689 est
281 631 442 689 Anastasia.
481 628 567 688 Anno
588 629 696 688 domini
720 630 803 687 1527
820 628 866 688 die
881 629 962 689 Jovis
977 633 1045 688 anto
1058 627 1165 688 festum
1180 627 1312 703 purifico·

139 736 225 794 tionis
240 737 343 794 Mariae
366 742 450 795 natus
471 734 525 794 luit
538 735 680 793 Henricus
699 735 730 792 in
744 733 894 793 Arnstadt.
933 733 1017 793 Anno
1039 734 1146 809 domini
1167 736 1251 794 1529
1262 734 1311 794 die

139 841 243 899 Martis
275 846 342 916 post
371 841 486 901 Laetare
517 840 594 900 infra
616 856 721 899 nonam
744 844 774 915 et
801 839 938 899 decimam
964 843 1048 898 natus
1072 845 1116 898 est
1140 840 1309 900 wilhelmus

138 946 281 1004 Hemious
296 948 327 1005 in
342 945 522 1005 Rudelstadt.
555 920 640 1005 Anno
660 945 743 1004 1530
766 945 812 1003 die
828 943 919 1002 Lunae
938 950 1004 1018 post
1017 937 1193 1005 visitationis
1208 945 1308 1005 Merite

138 1052 312 1110 transeuntis
327 1057 462 1110 montana
477 1049 553 1109 inira
568 1055 700 1123 quartam
716 1055 745 1109 et
760 1050 889 1122 quintam
903 1049 991 1109 horas
1011 1054 1078 1109 ante
1094 1049 1245 1108 meridiem
1258 1065 1305 1108 na-

137 1162 184 1214 tus
199 1161 243 1215 est
259 1155 424 1214 Guntherus
439 1155 599 1215 Wilhemus
614 1156 645 1214 in
659 1154 839 1214 Rudclstadt.
863 1157 949 1214 Anno
964 1153 1071 1214 domini
1090 1157 1176 1214 1538
1192 1156 1223 1213 iu
1237 1156 1303 1228 vigi·

137 1260 177 1320 lia
191 1261 383 1333 conceptionis
398 1261 500 1319 Mariae
521 1265 590 1319 nata
611 1265 659 1318 est
670 1259 754 1318 Anna
768 1259 864 1319 Maria
884 1258 960 1319 iufra
979 1266 1091 1320 sextam
1114 1266 1144 1319 et
1159 1263 1303 1336 septimam

138 1371 250 1425 noctem
265 1381 363 1423 versus
378 1367 408 1423 in
423 1365 594 1426 Rudelstadt
615 1371 644 1424 et
657 1366 719 1424 haec
733 1367 885 1440 posthuma
903 1369 955 1447 est.
995 1365 1079 1426 Anno
1095 1366 1207 1426 domini
1225 1366 1301 1424 1528

137 1471 184 1531 die
199 1471 289 1530 Lunae
304 1480 370 1548 post
384 1470 501 1533 Laetare
516 1477 584 1532 ante
602 1471 800 1551 duodecimum
815 1473 906 1531 noctis
920 1475 989 1530 nata
1005 1477 1050 1532 est
1064 1471 1189 1532 Aemilia
1203 1473 1233 1531 in
1247 1472 1300 1532 Ru·

137 1578 271 1639 delstadt.
310 1581 355 1638 Ex
375 1579 420 1638 his
442 1584 597 1653 supersunt
619 1586 648 1638 et
662 1595 733 1638 aura
754 1577 847 1637 adhuc
860 1575 995 1638 fruuntur
1009 1578 1138 1638 aetherea
1152 1577 1300 1638 musis

137 1701 213 1743 nuno
227 1686 371 1745 comitissa
385 1686 416 1744 in
431 1684 578 1760 Waldeck,
594 1684 703 1744 habens
718 1682 806 1743 filiam
817 1671 858 1742 'ex
872 1682 985 1744 Eubulo
1000 1684 1105 1744 marito
1121 1683 1298 1744 Gathariuau

136 1792 262 1863 nomine;
278 1790 410 1864 Aemilia,
427 1806 491 1863 quae
507 1794 573 1849 ante
588 1768 679 1850 annos
695 1790 797 1848 abhinc
807 1795 871 1859 octo
887 1791 939 1850 sub
955 1789 1167 1850 conditionibus
1182 1790 1296 1864 despon-

135 1901 199 1955 sata
214 1902 258 1956 est
273 1895 422 1956 Gunthero
438 1895 580 1955 Guntheri
594 1896 705 1955 comitis
720 1911 738 1954 α
753 1894 990 1969 Schwartaburglr
1008 1892 1083 1969 filio,
1108 1895 1161 1955 sed
1181 1894 1297 1954 nondum

135 2002 241 2073 nuptiae
256 2007 382 2074 peractae
400 2006 475 2075 sunt,
490 2000 576 2060 Anna
589 2001 684 2060 Maria
700 2000 755 2059 hoc
770 2018 846 2061 anno
861 2000 995 2060 decennis
1010 1999 1171 2075 posthuma.
1187 2000 1297 2060 Fratres

135 2122 203 2164 vero
222 2104 345 2166 infantes
365 2123 461 2166 omnes
491 2123 506 2166 e
521 2107 581 2167 vita
594 2108 762 2180 migrarant.
800 2107 923 2165 Domine
939 2106 1018 2180 deus,
1033 2107 1111 2165 inter
1125 2108 1206 2181 cujus
1219 2109 1296 2167 innu-

135 2225 229 2270 meras
251 2211 352 2271 laudes
373 2218 402 2271 et
420 2213 482 2271 haec
496 2214 548 2272 tibi
563 2214 740 2287 decantatur,
778 2219 810 2272 tu
825 2213 933 2286 pupillo
948 2219 977 2273 et
997 2213 1092 2274 viduae
1107 2215 1165 2274 eris
1179 2213 1295 2288 adjutor,

135 2317 307 2388 pupillorum
323 2324 352 2376 et
366 2299 465 2376 matris
481 2335 593 2393 quoque
608 2320 748 2378 rationem
764 2319 870 2378 habere
885 2319 1042 2393 digneris«

223 2422 335 2481 Eadem
349 2423 379 2481 in
394 2425 497 2483 sacello
512 2426 586 2484 arcis
606 2424 728 2484 vidimus
751 2441 839 2498 supra
859 2425 951 2483 altare
973 2424 1185 2483 introeuntibus
1205 2423 1242 2485 ad
1255 2423 1294 2481 lc

134 2544 198 2586 vam
213 2527 336 2602 insignia
349 2529 489 2587 Marchiae
506 2534 534 2588 et
550 2530 647 2589 Cliviaa
663 2535 692 2588 et
707 2528 851 2587 Christum
873 2526 1039 2588 crucifixum
1053 2534 1198 2589 mortuum
1214 2536 1243 2588 et
1255 2543 1292 2587 re·

132 2633 299 2692 suscitatum
321 2632 553 2694 artificiosissime
576 2634 699 2709 depicta.
747 2632 859 2693 Dicitur
882 2640 976 2694 autem
999 2650 1071 2707 opus
1094 2631 1184 2694 fuisse
1207 2635 1243 2693 N.
1265 2647 1293 2692 er

132 2735 251 2796 ducibus
266 2737 363 2798 Cliviae
380 2745 409 2798 et
424 2741 572 2800 comitibus
587 2739 726 2798 Marchiae
748 2746 906 2812 procreatae
925 2740 1079 2798 comitissae
1100 2740 1130 2799 in
1146 2739 1292 2800 Schwartz·

133 2839 216 2914 burg.

220 2947 330 3007 Eadem
352 2951 472 3022 legimus
491 2951 558 3010 licet
578 2957 663 3011 antea
685 2951 839 3012 viderimus
856 2969 873 3011 α
889 2953 1017 3012 Sathena
1032 2953 1095 3027 ipso
1110 2954 1294 3013 inventumct

131 3053 221 3112 asnis
244 3055 399 3128 conjuratis
423 3058 614 3130 conscriptum
633 3058 841 3132 juramentum,
867 3055 944 3131 quod
966 3057 1132 3117 sacerdotes
1155 3073 1254 3118 rursus
1267 3072 1293 3116 sc

130 3161 241 3217 romani
261 3161 371 3233 imperii
393 3160 574 3234 pontificibus
589 3161 744 3222 subdentes
763 3169 901 3235 praestare
917 3163 1032 3223 debent.
1072 3162 1132 3222 Sed
1148 3165 1217 3236 quid
1232 3177 1292 3237 age

129 3262 213 3319 mus?
229 3264 294 3321 Nisi
308 3265 345 3323 ad
362 3265 506 3325 dominum
522 3267 731 3326 ardentissimis
744 3269 818 3327 votis
832 3268 939 3326 intimis
960 3284 996 3327 ex
1010 3269 1181 3343 praecordiis
1196 3270 1291 3344 clame

129 3382 200 3440 mus,
216 3369 383 3429 notandam
404 3370 441 3430 ob
464 3378 563 3431 nostra
585 3379 703 3447 peccata
723 3374 914 3446 blasphemari
939 3389 1045 3433 nomen
1068 3379 1198 3433 sanctum
1218 3386 1293 3432 suum

128 3472 212 3544 sinat,
230 3471 411 3547 &eamusque
426 3493 490 3535 cum
505 3478 677 3552 archangelo
693 3477 850 3539 Michaele:
888 3478 1033 3551 Corripiat
1046 3484 1076 3539 te
1092 3479 1164 3539 deus
1180 3478 1292 3550 saman,

125 3577 236 3636 ludicra
253 3581 327 3637 enim
343 3597 403 3654 prae
419 3582 463 3639 his
480 3582 663 3654 blasphemiis
684 3584 817 3642 videntur
838 3600 1015 3657 quascunque
1031 3583 1224 3658 Sannahorih,
1239 3583 1292 3642 Hc

126 3682 263 3758 liodorus,
279 3686 434 3760 Rapsaces,
452 3686 552 3745 scribas
568 3693 598 3746 et
611 3689 750 3746 Pharisaei
766 3693 795 3748 et
811 3689 945 3761 quicquid
959 3688 1046 3762 hunjus
1061 3690 1236 3763 turpissimas
1250 3705 1292 3748 cu·

124 3804 212 3847 merae
227 3789 372 3849 hominum
388 3791 535 3865 opprobrii
543 3791 656 3852 Christo
672 3792 786 3854 domino
803 3802 832 3855 et
846 3797 922 3869 patri
938 3796 999 3869 oJus
1016 3795 1127 3857 coelesti
1142 3801 1293 3870 unctoque

126 3895 241 3967 spiritui
262 3914 388 3969 unquam
408 3898 574 3970 objecerunt
595 3904 623 3957 et
639 3900 692 3958 nisi
713 3901 776 3958 haec
794 3900 960 3974 blasphema
979 3918 1032 3962 oro
1053 3903 1117 3976 ipsa
1138 3900 1195 3962 sibi
1209 3901 1293 3976 digito

126 3997 259 4058 labellum
275 4008 465 4076 compescunt,
486 4004 641 4062 timendum
657 4011 713 4078 ost,
736 4023 771 4065 ne
787 4007 816 4064 in
833 4021 881 4066 eos
898 4007 983 4081 digne
998 4022 1055 4067 vox
1070 4004 1179 4066 Christi
1195 4019 1291 4067 conve«

119 4102 199 4160 ciat:
221 4105 387 4168 Mortemini
407 4109 581 4184 inpeccatis
606 4111 722 4185 vestris,
750 4111 819 4173 licat
839 4113 906 4172 caeci
926 4117 956 4174 et
970 4110 1058 4174 duces
1079 4127 1223 4177 caecorum
1237 4125 1293 4188 pra
