2678 4546
85 217 976 299 pauainnanogeneriprsnitisbenetinisquotidierii
1000 219 1162 280 sidocuit
1199 221 1254 280 b'ec

86 347 159 405 opus
174 336 228 402 est,
243 331 297 402 ait,
322 328 468 388 utinhoc
482 327 602 384 multum
616 328 754 399 temporis
768 333 871 384 teram.
901 324 933 383 Si
1000 340 1025 382 m
1040 327 1097 398 ipsi
1112 327 1254 386 nobiscum

87 436 251 505 recolimus,
275 451 341 508 que
359 433 463 507 singuli
484 430 623 491 &nebda
642 449 661 490 a
680 432 736 490 deo
754 431 912 504 quotidico
972 432 1118 503 eluimur,
1139 434 1254 505 quisque

87 541 202 599 abunde
217 542 287 598 satis
302 543 332 598 in
346 557 378 598 se
397 540 462 613 ipso
482 538 545 594 liaec
566 553 637 595 uera
659 539 908 614 essecompcriet.
937 536 985 594 Ea
1004 542 1102 594 autem
1124 553 1196 595 uera
1217 546 1254 596 est

86 644 296 730 misericordia,
319 653 351 702 ut
367 661 435 717 erga
451 659 548 701 omnes
568 645 617 716 pio
634 645 674 701 sis
695 641 815 715 affecta,
838 659 922 715 aque
942 640 1127 702 benefaciens
1141 643 1254 702 bostict

87 752 210 823 inimico,
226 752 263 809 ob
277 750 362 809 deum
373 766 408 808 ac
422 752 545 807 amicum
559 765 667 806 amare.
691 749 766 806 Nam
780 749 889 806 directe
903 747 1038 820 opposita
1051 755 1120 807 aunt
1135 749 1254 822 Spracb·

86 856 141 914 ebe
154 854 365 928 Barmbertzig‚
390 855 472 926 quasi
488 854 568 913 dicas
582 855 791 927 uarmhertzig.
829 853 952 927 Oportet
970 854 1048 911 enim
1069 859 1103 911 ut
1123 854 1188 912 bac
1208 855 1254 912 mi·

86 959 243 1020 sericordia
257 958 309 1018 fiat
323 976 360 1017 ex
375 957 515 1033 flagrante
529 960 658 1017 caritatis
673 968 751 1017 motu
771 966 827 1017 etc.
864 958 910 1017 De
929 974 988 1018 non
1003 958 1164 1030 judicando
1184 976 1254 1034 pre

86 1068 164 1126 clare
179 1081 293 1139 qnoque
308 1065 404 1123 docuit
425 1080 558 1122 asserens
577 1080 662 1136 qnam
682 1064 737 1122 boe
757 1066 818 1122 ritii
839 1064 924 1123 modo
942 1065 1052 1137 passim
1070 1071 1185 1138 regnet
1221 1065 1254 1123 lit

86 1172 133 1230 bic
144 1172 242 1243 jussit,
258 1187 295 1229 ne
309 1171 426 1229 omniuo
440 1171 545 1243 privati
556 1169 749 1242 indicaremus
765 1169 801 1228 de
816 1171 962 1244 religionis
976 1175 1065 1242 natu,
1080 1169 1136 1228 sed
1150 1170 1254 1242 msam,

87 1277 240 1350 episcopis,
256 1276 421 1347 pastoribus
436 1282 466 1333 et
479 1274 695 1346 magistratibus
709 1275 887 1333 secularibus
901 1275 1132 1348 relinqueremus
1141 1277 1254 1348 aequis

88 1397 145 1454 que
160 1397 192 1439 se
207 1396 259 1439 suo
275 1379 348 1453 pede
365 1382 517 1438 metiretur
530 1396 648 1452 suaque
662 1381 764 1439 salutis
778 1382 919 1439 rationem
933 1381 1055 1453 quisque
1073 1382 1197 1441 baberet
1214 1397 1254 1440 se

87 1492 148 1545 met
161 1487 254 1558 ipsum
266 1485 432 1557 iudicando,
448 1502 514 1544 nam
529 1492 589 1542 tum
604 1483 668 1542 fieri
683 1493 715 1543 ut
728 1484 813 1543 facile
828 1485 935 1557 aliquid
950 1488 1084 1543 manticae
1094 1487 1199 1544 aliene
1211 1485 1254 1545 ob

87 1592 275 1650 liniaceretur.
313 1591 419 1664 Attigit
440 1598 469 1650 et
487 1591 580 1648 obiter
603 1590 725 1650 eundem
749 1591 903 1665 apologum
925 1590 961 1649 de
984 1590 1098 1649 duobus
1120 1591 1254 1650 manticis.

88 1696 226 1758 Judicore
241 1699 283 1756 ait
297 1713 360 1755 esse
375 1697 545 1754 senteutiam
561 1698 592 1753 in
606 1697 730 1768 aliquem
751 1696 857 1755 dicere.
888 1694 1088 1755 condemnare
1108 1712 1180 1756 tero
1198 1711 1254 1755 osse

87 1800 224 1878 quiddam
238 1804 345 1875 majus,
369 1802 448 1875 quod
463 1802 497 1873 is,
514 1803 562 1873 qui
582 1802 766 1877 condemnat,
788 1802 908 1874 judicati
927 1818 1032 1875 poenas
1052 1803 1254 1862 commilitio

87 1907 250 1983 promulget
264 1913 319 1966 etc.
350 1906 412 1964 Nee
426 1911 522 1964 tamen
538 1907 583 1964 bic
599 1906 695 1965 dicere
709 1909 812 1979 omisit,
830 1906 964 1980 qualibus,
977 1908 1113 1980 personis
1123 1909 1254 1980 iudicium

87 2015 272 2087 permissum,
288 2012 421 2070 nimirum
436 2013 603 2083 parentibus
619 2014 649 2069 in
663 2012 779 2085 liberos,
795 2012 1045 2073 concionatoribus
1060 2013 1152 2072 verbo
1165 2018 1196 2071 et
1208 2029 1254 2086 per

88 2117 206 2176 verbum
221 2119 252 2175 in
266 2117 413 2191 populum,
429 2117 560 2190 exemplo
573 2117 780 2191 prophetarum
790 2122 820 2175 ct
827 2118 1032 2192 apostolorum,
1049 2133 1104 2176 nec
1112 2120 1254 2176 immemor

89 2225 176 2281 etiam
191 2222 309 2280 festuca
323 2227 353 2279 et
368 2222 468 2279 trabis.
492 2221 537 2280 De
552 2223 756 2281 controversiis
771 2222 917 2295 religionis
932 2224 1005 2282 adeo
1018 2222 1216 2296 premeditato
1230 2227 1254 2281 et

88 2328 292 2399 circumspecte
306 2326 491 2398 loquebatur,
517 2335 549 2386 ut
564 2343 649 2387 nemo
663 2345 696 2386 se
710 2327 834 2385 carbone
853 2331 948 2387 notari
967 2330 1051 2402 queri
1072 2334 1179 2400 posset
1210 2328 1254 2386 Pie

88 2439 184 2493 autem
199 2449 289 2506 sagas
303 2431 386 2491 facile
402 2430 539 2490 olfecerat
553 2433 680 2491 dolorem
695 2434 773 2490 hisce
788 2433 965 2506 temporibus
989 2450 1025 2493 ex
1045 2434 1254 2492 abstrusissima

88 2541 138 2600 illa
152 2541 313 2598 interimite
327 2539 587 2597 controversiarum
602 2540 749 2611 religionis
771 2541 977 2598 conciliatione.
1016 2539 1128 2598 lubens
1147 2555 1198 2598 nos
1216 2541 1252 2597 iu·

88 2661 175 2719 super
190 2644 308 2703 arbores
324 2644 414 2703 bonas
429 2659 491 2702 esse
507 2651 561 2701 etc.
600 2646 638 2703 Et
652 2645 720 2716 quid
735 2643 874 2702 multum?
904 2644 950 2703 Ne
962 2647 1026 2716 jota
1042 2645 1159 2717 quidem
1179 2647 1252 2704 inex·

88 2767 200 2809 cussum
215 2750 341 2821 reliquit.
367 2751 540 2807 Misereatur
556 2752 646 2807 nostri
662 2749 751 2823 Deus,
769 2767 804 2809 ne
814 2749 975 2809 Germanice
991 2750 1044 2808 bos
1059 2752 1139 2809 viros
1153 2750 1254 2810 Sathau

89 2853 225 2913 invideat.
256 2855 334 2912 luter
349 2852 489 2912 beneficia
504 2861 599 2912 autem
616 2855 670 2912 Dei
685 2855 754 2912 illud
771 2856 947 2929 potissimum
963 2856 1168 2930 exaggerabat,
1184 2851 1254 2927 quod

90 2960 168 3018 Deus
184 2958 260 3015 bisce
275 2959 451 3030 temporibus
466 2957 628 3016 Germaniae
644 2967 702 3017 tam
718 2960 877 3019 luculenter
898 2958 1016 3017 verbum
1037 2976 1120 3019 suum
1140 2959 1254 3033 largitus

90 3064 191 3134 fuerit,
213 3069 246 3121 ut
261 3064 291 3119 in
306 3062 384 3120 nuda
400 3063 444 3120 vel
459 3065 577 3135 regione
592 3065 636 3120 rel
652 3065 714 3121 loco
731 3082 788 3124 non
804 3067 1008 3124 annunciatum
1023 3067 1071 3123 sit.
1104 3065 1161 3125 Sed
1182 3061 1252 3137 quii,

90 3171 192 3241 inquit,
210 3185 261 3226 nos
277 3165 414 3226 fecimus?
437 3170 627 3241 ingratissime
643 3171 774 3229 oinmbus
791 3173 867 3228 vitiis
883 3171 1010 3229 habenas
1026 3172 1194 3229 laxavimus.
1220 3167 1253 3226 Et

90 3291 126 3333 ne
141 3291 214 3332 unus
231 3274 362 3346 prinecps
377 3271 444 3346 fuit,
469 3277 517 3346 qui
534 3273 578 3332 vel
595 3292 687 3334 utores
703 3279 853 3335 immutare
869 3276 1006 3348 voluerit,
1033 3278 1075 3335 ita
1089 3282 1124 3333 ιιι
1135 3273 1252 3349 justissi-

90 3395 164 3437 mam
179 3379 251 3436 banc
266 3380 491 3449 persecutionem
507 3387 535 3438 et
551 3382 660 3452 rnajora
676 3381 720 3438 liis
735 3381 892 3438 commenti
907 3381 1004 3438 simus.
1028 3380 1068 3439 Et
1083 3380 1162 3453 quod
1176 3379 1252 3454 peius

90 3497 125 3543 ae
135 3485 226 3554 maius
242 3491 294 3556 est,
311 3500 363 3542 nec
378 3501 452 3543 nunc
468 3486 617 3556 quisquam
633 3492 677 3544 est
691 3503 709 3542 a
724 3487 932 3559 persecutione,
948 3486 998 3557 qui
1014 3487 1044 3544 in
1058 3487 1192 3546 arborem
1206 3485 1250 3543 bo·

90 3606 154 3649 nam
176 3604 341 3646 excrescere
363 3590 468 3660 cupiat.
507 3590 560 3647 Est
582 3592 776 3649 consternatio
798 3591 957 3648 animorum
977 3589 1085 3661 ubique
1107 3605 1210 3664 magna
1228 3593 1254 3644 et

90 3700 258 3768 queruntm
273 3693 375 3766 media,
392 3693 480 3752 verbo
496 3701 591 3752 autem
607 3695 724 3752 obedire
740 3700 769 3752 et
783 3700 866 3753 tanta
881 3693 1021 3754 beneficia
1037 3694 1156 3768 benigni
1171 3692 1254 3769 patris

89 3801 240 3875 agnovisse
256 3815 340 3857 nemo
355 3804 400 3857 est
415 3800 463 3869 qui
480 3799 551 3857 volit
566 3807 618 3858 etc.

178 3907 204 3963 Α
220 3906 356 3965 concione
376 3903 589 3962 obsecrationes
612 3904 674 3964 lieri
691 3907 786 3977 jussit.
825 3906 864 3962 Et
879 3903 1007 3978 proiecto
1030 3921 1114 3964 nemo
1130 3904 1199 3963 satis
1212 3917 1253 3960 ar·

91 4011 189 4070 dorem
205 4011 381 4084 precantium
396 4011 427 4067 in
442 4010 519 4067 hisce
535 4011 698 4083 regionibus
713 4011 812 4070 mirari
822 4016 929 4084 posset,
945 4009 1023 4082 quod
1033 4006 1254 4085 compositisaiui

91 4121 188 4189 gestus
202 4113 285 4175 tacsse
300 4113 437 4173 indicant.
477 4113 667 4231 Posteaquam
682 4117 802 4176 ambone
817 4115 998 4175 ecclesiastes
1014 4114 1173 4189 descendit,
1188 4113 1253 4175 md·
