2678 4546
672 39 737 106 icc

120 222 341 299 archiepiscopi,
363 220 521 281 Hominum
542 222 670 281 comitem
691 220 893 295 aLeuningen
908 224 938 280 st
951 220 1136 293 Wilhelmum
1146 223 1296 298 juniorem

116 345 135 390 a
152 326 343 404 Witgenstein
358 331 391 386 ut
405 343 496 387 coenae
510 331 617 386 nostrae
632 328 773 390 interesse
787 326 975 400 dignarentur
988 329 1098 404 rogavi.

207 434 355 494 Liberium
370 432 470 494 fritillo
484 433 631 494 ludentem
645 434 830 509 interrogavi,
848 433 915 493 dum
930 439 1092 509 opportune
1106 436 1137 494 in
1152 436 1219 496 elea
1231 440 1294 496 tres

116 547 200 601 notas
215 545 292 601 stare
307 541 432 615 moeret,
458 556 525 599 uum
539 540 584 599 his
599 546 748 601 contentus
764 545 849 613 esset,
871 540 939 598 ham
953 540 1015 599 heri
1030 541 1171 614 gloriatus
1185 539 1243 602 fuit
1256 542 1294 602 de

115 646 208 707 tribus
218 648 308 720 equis.
324 646 434 706 Eadem
444 645 549 722 hospes
562 651 661 706 noster
672 663 691 706 a
703 644 1084 720 nundinisNorlingensihus
1093 626 1228 708 reversus
1238 653 1291 708 est

206 752 306 812 Comes
322 770 339 812 a
354 752 468 812 Nasson
491 754 533 813 ait
553 752 799 829 archiepiscopum
814 752 891 813 bona
914 751 1007 812 adhuc
1021 752 1167 829 polliceri,
1191 769 1294 814 verum

117 859 295 921 sollicitando
310 860 561 920 obruendum-nou
578 876 650 919 esse.
1076 878 1079 883 ·

203 966 444 1040 Eademquinque
451 967 573 1040 insignia
582 965 710 1039 peditum
717 966 762 1042 (ut
768 981 847 1025 more
855 958 1017 1040 germanico
1027 961 1154 1040 loquar),
1162 981 1291 1038 quaea-

115 1075 174 1133 sari
183 1074 304 1148 iamper
313 1073 385 1133 duos
397 1073 526 1146 integros
535 1088 625 1132 annos
635 1071 779 1147 stipendio
791 1075 1073 1144 meruerant,rursus
1082 1070 1291 1131 inmensessex

111 1181 256 1252 jurarunt.
272 1178 430 1253 Apraudio
441 1177 631 1240 Etzdorffium
641 1180 671 1237 in
684 1178 784 1236 hortos
796 1176 1003 1236 amoenissimos
1012 1176 1071 1236 Viti
1078 1175 1201 1236 Wittich
1213 1175 1290 1235 duxi.

204 1283 400 1358 Landtgravia
423 1290 522 1346 noctes
541 1290 601 1345 tres
622 1282 701 1358 apud
725 1268 882 1357 principem
896 1283 1031 1342 maritum
1045 1289 1223 1343 commorata
1236 1288 1289 1342 est.

115 1388 160 1449 De
182 1389 364 1464 landtgravia
380 1390 557 1451 detractores
578 1397 607 1449 et
620 1390 776 1466 nugivendi
797 1403 942 1448 rumorem
957 1392 1135 1462 sparserunt,
1152 1403 1218 1448 eam
1231 1388 1290 1448 Au·

116 1501 207 1570 gusta
222 1497 466 1570 comessationes,
480 1497 594 1570 repotia
613 1511 667 1555 nec
687 1511 745 1554 non
768 1501 797 1556 et
817 1494 936 1555 choreas
951 1510 1052 1568 agere3
1076 1493 1129 1556 sed
1149 1495 1231 1556 novit
1244 1495 1288 1554 in·

116 1608 230 1675 spector
244 1602 374 1661 cordium
390 1607 420 1661 et
434 1619 492 1662 non
507 1603 601 1677 pauci,
619 1618 704 1675 quam
717 1601 811 1660 luctus
828 1601 944 1661 delicias
958 1599 1120 1674 prohibeat.
1217 1599 1222 1609 ‘

203 1707 345 1780 Perpauci
360 1704 496 1768 Germani
514 1709 575 1781 jam
594 1707 778 1767 considerant
798 1723 884 1779 quam
904 1707 1026 1782 papistae
1041 1706 1139 1766 auimo
1152 1705 1287 1780 gestiant,

115 1813 214 1872 urbem
220 1812 390 1888 Augustam,
408 1828 443 1872 ex
459 1830 517 1886 qua
531 1813 657 1887 primum
667 1809 808 1872 confessio
823 1816 855 1871 ut
866 1816 970 1872 vocant
983 1810 1208 1887 protestantium
1220 1825 1286 1884 pro·

113 1917 181 1992 diit,
202 1918 256 1978 sub
277 1918 471 1979 dominatione
490 1895 694 1980 nefandissima
712 1922 901 1992 tyrannorum
921 1916 1118 1977 Romanorum
1136 1931 1216 1977 nunc
1228 1914 1287 1991 pal·

114 2023 254 2098 pitautem
269 2041 364 2099 agere.

202 2129 312 2189 Eodem
327 2115 479 2190 Otthonem
499 2136 529 2191 et
542 2112 696 2191 Ernesium
715 2128 820 2192 iratres
842 2147 993 2207 germanos
1008 2129 1220 2206 archiepiscopi
1233 2127 1287 2189 Oo-

115 2233 266 2309 lonieusis,
293 2234 477 2294 Wilhehuum
492 2238 630 2296 ¹comitem
652 2254 669 2296 a
689 2237 899 2312 Witgensteiu,
925 2236 1084 2298 Murtinum
1097 2213 1238 2297 hmonem
1252 2232 1286 2293 de

114 2338 254 2415 Bolheim,
271 2341 409 2401 baronem
424 2341 460 2401 de
475 2340 740 2418 Schwartzenburg,
756 2336 900 2403 Didonem
915 2343 951 2402 de
966 2342 1183 2418 Knisphausen,
1199 2342 1285 2403 Jecu-

112 2462 178 2506 nem
198 2448 329 2507 comitem
352 2447 546 2522 aRethherg,
573 2447 758 2509 Ghunradum
782 2451 855 2509 Foss
876 2450 912 2511 de
926 2448 1081 2523 Devoldia,
1106 2447 1285 2509 Lihorinma

112 2554 341 2614 Muiuchhausen
361 2560 391 2614 et
405 2554 442 2614 N.
459 2554 615 2629 Massgrel,
636 2554 674 2613 N.
690 2572 746 2615 von
762 2554 813 2615 der
827 2555 931 2630 Horat,
956 2556 1126 2630 magistrum
1141 2554 1283 2615 Sebastia-

112 2675 180 2717 num
195 2658 361 2734 Glaserum,
385 2659 530 2719 dominum
550 2659 713 2735 Philippum
734 2677 811 2720 vonn
833 2660 886 2721 der
899 2660 1037 2735 Brugken
1057 2666 1087 2721 et
1101 2659 1284 2721 secretarium

114 2765 256 2836 quendam
271 2765 443 2825 marchionis
464 2767 597 2826 electoris
612 2765 759 2842 Eubulus,
782 2766 933 2842 Philippus
956 2772 986 2827 et
1000 2765 1117 2827 Samuel
1131 2763 1283 2827 Waldecia

114 2869 232 2929 comites
247 2871 377 2930 condrio
392 2877 577 2946 exceperunt.

201 2976 262 3049 xiiij
279 2974 359 3035 lunii
379 2974 507 3037 loannes
529 2977 668 3037 Henricus
688 2978 843 3052 intemplo
864 2977 995 3038 Mauritii
1015 2993 1051 3037 ex
1070 2993 1134 3053 cop.
1163 2981 1205 3037 14
1225 2976 1281 3052 epi·

112 3080 252 3141 stolae'ad
266 3081 413 3142 Romanos
435 3089 601 3156 sequentem
616 3081 642 3142 d.
660 3082 745 3142 Pauli
768 3084 940 3144 seutentiam
966 3084 1109 3159 exposuit:
1137 3082 1205 3143 »uu
1219 3094 1280 3145 vcro

111 3201 162 3244 cur
182 3186 296 3260 judicas
315 3183 434 3247 fratrem
457 3186 559 3247 mum?
597 3187 657 3246 Aut
676 3189 763 3247 etiam
783 3196 815 3248 tu
834 3198 889 3248 'cur
909 3187 1032 3263 despicis
1046 3186 1169 3249 fratrem
1183 3182 1280 3272 tuum?

111 3290 215 3351 Omnes
231 3293 306 3351 enim
321 3297 480 3354 statuemur
495 3292 573 3368 apud
591 3293 717 3354 tribunal
734 3293 855 3370 Christi,
879 3296 1016 3369 scriptum
1038 3300 1083 3354 est
1104 3295 1196 3355 euim:
1219 3294 1280 3354 viro

111 3411 174 3470 ego,
190 3397 260 3457 dicit
276 3397 415 3474 dominus,
435 3399 505 3458 mihi
520 3413 583 3458 sese
597 3397 693 3461 flectet
707 3416 790 3459 omne
806 3417 882 3474 genn
904 3406 933 3459 et
947 3401 1039 3460 omnis
1053 3401 1155 3476 droun
1167 3395 1279 3461 conhta

110 3502 188 3560 bitur
197 3502 269 3563 Deo.
295 3504 385 3579 Igitur
401 3522 473 3565 unns
490 3507 611 3578 quisque
625 3512 754 3566 uestrum
770 3506 805 3566 de
821 3522 852 3564 se
867 3499 1087 3581 ipso'rationem
1101 3502 1278 3573 reddetDw,

109 3623 146 3667 ne
159 3607 278 3682 posthac
287 3609 375 3685 igitur
384 3611 457 3670 alius
466 3613 554 3671 alium
561 3611 752 3685 judicemus«
778 3610 870 3686 igitur
878 3611 1019 3686 principio
1029 3611 1113 3687 dixit,
1128 3627 1189 3685 quc
1202 3612 1278 3686 pm

109 3711 218 3771 Paulus
232 3713 306 3773 hauc
325 3716 561 3790 disceptationem
581 3716 611 3774 in
634 3716 754 3776 ecclesia
768 3717 899 3777 Romana
921 3733 956 3775 ex
969 3715 1083 3777 Jndoeis
1098 3723 1129 3778 et
1141 3713 1276 3791 genum

108 3823 141 3877 ut
152 3819 213 3890 jam
228 3821 332 3895 saepius
347 3820 454 3880 dimum
469 3827 530 3894 est,
556 3821 719 3895 collectam,
745 3838 803 3881 non
823 3821 859 3882 de
874 3822 1003 3882 articulis
1023 3820 1106 3897 fidei,
1131 3821 1186 3883 sed
1199 3819 1235 3881 de
1246 3817 1277 3881 iis

110 3939 173 3994 quae
188 3925 249 3983 siue
264 3931 384 4000 peccato
406 3926 452 3984 vel
474 3926 567 3984 omiti
585 3926 631 3986 vel
645 3924 709 3985 fieri
730 3931 880 4002 poterant,
896 3927 999 3988 tollere
1013 3927 1148 3988 voluerit
1185 3924 1278 3987 mino

108 4025 242 4086 Judaum
257 4031 416 4106 corripiens
431 4031 484 4090 ait:
500 4030 546 4089 Tu
560 4045 627 4089 vero
643 4046 679 4090 ue
690 4030 804 4104 judices
818 4029 937 4093 fratrem
946 4032 1042 4110 (quasi
1057 4029 1182 4109 dicut)si
1194 4029 1277 4093 uhu·

106 4135 153 4191 tas
167 4135 347 4197 conscientia
368 4136 420 4196 tibi
440 4135 545 4198 suadet
563 4135 713 4198 comedere
735 4152 772 4200 ea
786 4153 851 4213 qua
873 4139 904 4199 in
918 4139 983 4215 lege
997 4138 1163 4205 communic
1173 4150 1275 4205 ww·
