2678 4546
10 39 268 111 m

623 148 683 216 151

61 333 192 411 lapidem
208 333 318 395 iactum
337 335 368 393 in
386 340 474 409 caput
494 334 601 407 anguli.
632 333 671 392 nt
691 333 766 406 quod
783 332 868 391 modo
884 331 977 391 iacere
992 349 1090 408 cogor,
1112 353 1184 411 rogo
1199 343 1237 410 te

64 458 99 501 ne
119 438 192 499 mibi
211 441 244 498 iu
263 440 412 513 peccatum
429 442 552 512 statuas,
574 435 627 496 sel
648 435 793 496 intercede
814 450 869 510 pre
890 452 936 495 me
956 438 1032 510 apud
1052 444 1163 512 panau
1184 441 1237 501 tr‘ei

64 546 134 605 nibil
149 549 332 619 negaturum,
354 548 388 604 ut
401 542 545 601 mandatis
559 542 601 600 cia
619 537 795 600 ¹adboerere
814 541 930 615 possim,
955 547 985 600 et
1004 557 1049 601 me
1069 544 1172 617 spiritu
1186 551 1237 604 tue

62 628 165 711 nnete
176 648 254 724 iare,
275 650 325 722 qui
338 649 411 707 uuis
426 652 456 706 et
469 662 575 720 regnas
589 661 653 704 oum
667 645 767 705 eodem
781 645 845 704 Deo
861 651 943 719 patre
959 652 988 705 et
1002 664 1025 705 s.
1041 648 1145 721 spiritu
1160 649 1238 709 mus

63 754 158 814 triuus
172 758 202 813 e't
216 771 290 813 unus
305 770 324 813 a
338 753 478 827 nnndpio
494 755 524 811 ά
538 767 614 809 nunc
628 756 658 810 et
671 767 794 825 semper.

151 859 183 917 ix
200 858 283 919 Jnnri
303 860 333 917 in
353 857 462 931 temple
483 853 630 915 lsrnorum
651 854 680 913 d.
699 854 826 915 loannes
847 855 990 915 Henricus
1009 872 1045 913 ex
1066 871 1129 930 cup.
1154 861 1167 914 1
1185 858 1237 917 Jo-

60 963 147 1022 annis
164 967 184 1022 2
199 964 264 1023 baec
277 962 368 1023 verba
381 962 466 1036 legit:
493 960 552 1020 «Et
562 977 619 1034 per
632 960 687 1018 hoc
706 959 810 1018 scimus
825 960 903 1032 quod
918 960 1101 1034 cognovimus
1115 976 1189 1034 curn,
1213 964 1238 1021 si

60 1066 144 1140 iussa
156 1064 235 1126 illins
247 1067 450 1138 observamos3
474 1064 524 1140 qui
544 1064 622 1139 dicit,
645 1064 712 1123 novi
732 1081 797 1122 eum
818 1071 848 1123 et
867 1070 1014 1139 praecepta
1028 1065 1090 1138 ejns
1105 1082 1163 1125 non
1176 1081 1237 1125 ser·

63 1175 122 1247 vat
145 1150 270 1232 mendax
284 1179 330 1231 est
344 1177 374 1231 et
387 1171 419 1229 in
434 1185 470 1229 eo
485 1171 592 1229 veritm
606 1185 665 1227 non
680 1175 744 1227 cst«
762 1175 816 1227 etc.
847 1170 927 1243 Ilaec,
950 1169 1052 1243 inquit,
1075 1168 1165 1229 rerba
1178 1188 1237 1230 ma·

61 1275 133 1334 ximi
147 1280 218 1335 aaut
228 1274 376 1350 ponderis,
398 1290 463 1349 quar
475 1273 545 1333 licet
560 1274 597 1332 ob
617 1272 755 1346 temperis
771 1274 952 1348 brevitatem,
975 1276 1024 1332 vix
1039 1275 1121 1333 enim
1136 1282 1240 1348 quarta

62 1396 133 1455 pars
151 1380 263 1440 horula
282 1378 367 1440 nobis
386 1383 527 1453 superest,
551 1376 698 1437 commode
718 1378 872 1453 explanare
890 1395 949 1437 non
969 1378 1120 1451 possimus,
1144 1386 1240 1439 tamen

61 1486 166 1560 paucis
181 1485 368 1545 excutiemus
397 1470 453 1542 Est
471 1484 546 1542 enim
562 1483 649 1556 quasi
669 1498 778 1540 summa
799 1483 887 1541 totius
902 1483 944 1541 rei
959 1483 1131 1556 christianae,
1155 1502 1238 1558 quam

60 1589 110 1648 bic
124 1591 273 1664 qnstolus
288 1596 318 1649 et
328 1589 510 1663 evangelista
523 1589 651 1647 loannes
667 1587 772 1659 tribus,
796 1595 828 1646 ut
847 1588 937 1661 munt,
960 1588 1056 1648 verbis
1071 1590 1239 1665 complexus

60 1699 117 1755 est
147 1694 201 1753 Ait
213 1694 297 1769 enim,
320 1694 352 1752 in
366 1694 420 1754 hoc
434 1693 632 1767 cognoscimur
651 1696 705 1750 etc.
736 1692 834 1750 Facile
857 1691 931 1751 enim
952 1702 1004 1768 est,
1029 1700 1062 1753 ut
1081 1696 1171 1768 ajunt,
1195 1695 1237 1753 di·

57 1813 130 1856 cere
144 1798 388 1872 secbristianum,
411 1797 463 1857 sed
478 1798 526 1871 qui
547 1795 632 1855 fidem
653 1798 682 1854 in
703 1795 848 1854 Christum
866 1796 965 1856 Jesum
986 1801 1077 1858 solam
1099 1801 1240 1859 collocare

62 1908 94 1962 et
113 1900 251 1961 mandata
272 1902 334 1975 eius
355 1901 511 1960 observare
533 1901 622 1961 velint
639 1901 819 1975 paucissimi,
841 1901 875 1958 in
897 1902 952 1959 boc
970 1910 1093 1976 peccant
1110 1910 1169 1962 tam
1190 1906 1240 1977 qun

62 2007 216 2080 evangelio
230 2006 381 2066 adhaerere
395 2005 488 2064 rideri
501 2005 610 2080 volunt,
635 2022 721 2079 quam
736 2006 856 2078 papate
867 2005 1016 2063 bominum
1034 2022 1125 2081 genus
1145 2009 1240 2066 omnia

62 2110 269 2179 comanitas
283 2110 414 2170 bunede
429 2106 643 2169 ‹mnmndentes
670 2110 724 2168 Ait
741 2116 838 2168 autem
853 2126 881 2168 s.
902 2111 1058 2185 apostolus,
1080 2114 1106 2170 si
1124 2118 1241 2186 praepta

63 2216 126 2289 ejus
147 2216 371 2289 servaverimus,
394 2231 453 2273 non
474 2214 625 2288 cru‘uslibet
638 2220 792 2289 praecepta,
816 2213 867 2273 sed
886 2216 957 2289 ejus,
981 2215 1147 2290 cujusnam?
1177 2216 1237 2276 Do·

63 2321 134 2380 mini
148 2320 258 2379 scilicet
268 2320 435 2379 liberaturus
451 2323 481 2377 et
500 2319 655 2379 somniaris
671 2320 761 2378 nestri
776 2319 847 2376 Jesu
862 2318 977 2378 Christi.
1008 2319 1038 2379 Si
1053 2322 1122 2394 quis
1142 2327 1237 2381 autern

57 2431 211 2501 precepta
224 2424 345 2498 dionius
358 2439 475 2483 servare
489 2420 601 2496 debeat,
612 2422 641 2480 is
657 2439 772 2482 necesse
787 2422 883 2496 babet,
907 2430 939 2482 ut
953 2423 1033 2496 prius
1048 2441 1084 2484 ea
1098 2432 1129 2486 et
1141 2425 1239 2485 audiat

58 2538 93 2590 et
110 2530 254 2591 munet.
291 2528 348 2600 Qui
363 2529 442 2589 ..enim
463 2545 563 2587 servus
584 2531 760 2602 praeceptum
781 2527 887 2586 domini
911 2533 1082 2603 exequetur,
1106 2531 1136 2588 ni
1157 2530 1238 2604 prius

63 2634 183 2697 edoctus
205 2632 309 2705 fuerit,
334 2633 419 2706 quale
441 2633 478 2691 sit
500 2639 689 2707 manentum,
714 2629 796 2702 quoi
821 2632 907 2689 herus
930 2648 995 2689 eum
1021 2649 1138 2692 servare
1159 2635 1237 2695 velit.

61 2739 103 2800 ll
123 2739 189 2798 haec
210 2744 307 2797 amem
324 2736 539 2813 perdiscamus,
570 2736 668 2796 auditu
691 2735 831 2808 evangelii
854 2740 885 2794 et
905 2734 1135 2808 frequentatione
1155 2738 1238 2797 serbi

63 2845 146 2905 uobis
171 2860 245 2919 opus
268 2848 322 2901 est.
359 2842 502 2914 Praecepit
522 2845 618 2900 autem
640 2840 784 2912 Christus,
809 2844 841 2896 ut
860 2839 1043 2912 diligeremus
1063 2856 1142 2915 eum,
1166 2842 1239 2901 sicut

65 2949 125 3023 ipse
149 2948 253 3007 dilexit
274 2961 337 3020 nos,
361 2952 392 3005 et
410 2947 441 3004 in
458 2946 610 3005 dilectione
630 2946 692 3018 ejus
711 2958 951 3017 pemnaneremus,
974 2961 1031 3003 nou
1053 2945 1090 3004 ad
1110 2945 1237 3020 biduum,

60 3052 193 3113 biduum
225 3051 271 3111 vei
293 3050 333 3110 ad
350 3055 491 3109 semestre
514 3055 642 3125 tempus,
671 3048 721 3108 sed
748 3065 838 3121 usque
862 3048 901 3106 ad
929 3046 1014 3107 finem
1038 3065 1236 3124 perseverare·

65 3172 139 3231 mus3
164 3156 208 3215 ait
227 3172 344 3229 quoqne
362 3156 485 3213 amicum
505 3156 536 3212 in
551 3154 722 3213 necessitate
743 3159 773 3211 et
793 3157 884 3212 morte
903 3154 1035 3226 cognosci
1053 3155 1137 3226 juxta
1155 3160 1238 3212 retus

67 3260 275 3325 Germanorum
296 3259 415 3319 dictum:
445 3259 575 3318 Freundt
599 3260 629 3317 in
651 3258 703 3317 der
724 3258 817 3330 Nobt,
841 3257 971 3316 Freundt
993 3259 1042 3315 iun
1066 3257 1130 3315 dem
1153 3256 1237 3332 Todt,

67 3364 197 3424 Freundt
214 3363 319 3425 binder
332 3364 441 3435 lincke,
462 3363 517 3426 das
537 3365 575 3422 ist
594 3364 661 3421 eiun
680 3361 752 3420 feste
767 3362 889 3434 Bracke,
914 3361 1055 3420 adducens
1079 3360 1238 3434 exemplum

65 3468 151 3543 nien,
176 3484 261 3542 quem
276 3484 375 3526 omnes
390 3468 474 3526 amici
488 3469 518 3525 in
533 3468 703 3526 necessitate
717 3466 904 3539 reliquerunt,
928 3482 991 3523 cum
1010 3465 1082 3523 alias
1103 3464 1179 3524 domi
1195 3464 1237 3523 di·

68 3574 142 3633 vitiis
156 3571 292 3633 afflueret
306 3572 433 3644 undique
447 3573 569 3645 stinatus
583 3571 680 3630 amicis
694 3569 778 3629 foret.
802 3570 841 3627 Et
853 3569 931 3642 quid,
946 3570 1049 3643 inquit,
1062 3587 1114 3629 nos
1127 3572 1239 3644 experti

69 3692 164 3736 sumus
183 3676 238 3736 hoc
258 3693 322 3737 oero
346 3681 376 3736 et
395 3675 492 3736 anuo?
522 3673 690 3747 Numquid?
714 3674 781 3732 dum
801 3691 848 3732 res
867 3674 948 3733 nobis
967 3679 1135 3733 coruscante
1155 3690 1239 3732 eran·

10 3828 13 3873 Ι
65 3782 134 3855 gelii
143 3782 211 3840 luce
225 3798 263 3840 ex
277 3782 353 3841 rotis
368 3780 512 3853 cederent,
528 3795 625 3837 omnes
640 3779 723 3837 nobis
737 3779 841 3851 passim
853 3776 1137 3851 congratulabantur.
1159 3777 1239 3836 Deus

69 3883 150 3960 bone,
174 3887 290 3959 quantis
305 3883 438 3956 tripudiis
452 3883 649 3956 gloriabantur
664 3881 700 3940 de
715 3881 960 3941 confoederatione
980 3881 1096 3941 ioederis
1115 3897 1237 3954 evange·

11 4010 14 4017 ·
66 3988 113 4050 lici
123 3990 163 4051 de
178 3990 345 4051 civitatibus
360 3995 390 4049 et
399 3988 589 4064 principibus,
612 3988 660 4059 qui
675 3987 728 4045 soli
751 3992 911 4046 sustentare
927 3986 1092 4045 doctrinam
1112 3984 1239 4042 veriatis

650 4118 665 4152 a:

129 4213 150 4263 ,r
166 4192 263 4271 gnra
