2678 4546
82 39 336 91 „—

682 140 746 213 145

213 328 325 391 Eadem
339 330 445 389 Florus
459 346 559 388 rursus
574 329 723 403 aprondio
733 329 953 389 Atrebatcnscm
968 329 1113 387 convenit.
1139 328 1197 387 Sed
1212 325 1301 387 surdo

130 426 224 495 fabula
245 437 412 497 canebatur.
449 430 637 508 Pinsitigerus
660 435 773 507 quidem
795 435 868 494 benc
883 434 1013 505 volebat,
1031 450 1130 491 rernm
1146 434 1257 493 occasio
1272 438 1303 491 et

132 541 224 600 nescio
242 542 308 614 quis
322 542 416 601 mulus
423 541 529 617 gerim
543 536 586 599 illi
601 539 722 600 obstitit.

213 645 348 705 Marchio
362 644 504 718 loannes,
529 644 671 703 Joaclrimi
694 646 826 705 electoris
848 644 952 716 irater,
979 646 1027 717 qui
1042 643 1188 702 Francisci
1203 640 1299 701 Lune-

130 749 279 823 burgensis
300 750 381 809 ducis
403 749 538 823 ditiones,
559 765 631 822 quas
653 765 744 807 cesar
767 750 929 809 rebellionis
956 766 1024 822 ergo
1047 749 1085 807 ad
1105 748 1302 821 sepertinere

129 860 219 929 putat,
235 854 293 914 sibi
308 870 490 929 comparasse
504 854 618 926 dicitur,
634 853 786 912 admodum
801 856 904 927 exiguo
920 854 1055 912 satellitio
1064 852 1130 911 hinc
1145 853 1241 912 multis
1255 851 1301 910 in·

132 960 265 1019 salutatis
279 960 386 1019 abiisse
401 959 514 1018 dicitur.

214 1064 256 1137 eij
272 1064 353 1123 Junii
368 1063 396 1121 d.
413 1064 540 1122 loannes
554 1063 697 1121 Henricus
717 1062 747 1120 in
766 1063 828 1121 cede
848 1064 978 1122 Mauritii
999 1070 1084 1137 capnt
1111 1067 1151 1121 14
1173 1060 1303 1136 epistole

129 1162 320 1229 adRomauos
335 1168 492 1243 explanare
506 1168 602 1241 coepit,
619 1167 716 1239 legens
731 1168 793 1225 hscc
807 1169 907 1227 verba:
934 1168 1046 1227 »Porro
1062 1184 1135 1241 eum,
1153 1168 1204 1240 qni
1219 1162 1300 1225 intir-

130 1279 240 1348 matur,
260 1272 320 1333 fide
335 1274 471 1333 assumite
491 1287 549 1330 non
562 1271 603 1351 pd
619 1268 837 1345 dijudicationes
854 1273 1100 1347 disceptationum.
1140 1273 1223 1331 Alius
1237 1271 1301 1344 qui·

128 1378 189 1438 dem
204 1379 299 1439 credit
318 1378 490 1439 vescendum
510 1393 573 1436 esse
592 1377 782 1450 quibuslibet,
806 1377 879 1434 ulius
900 1383 1008 1450 nutem,
1032 1379 1081 1449 qui
1102 1375 1232 1435 infirmus
1247 1380 1301 1450 est,

128 1484 275 1543 holeribus
289 1484 423 1542 rescitur.
453 1482 508 1554 Qui
522 1483 646 1541 rescitur
661 1486 893 1540 convescentem
908 1499 944 1540 ne
959 1482 1112 1556 despiciat,
1134 1486 1164 1540 et
1179 1482 1229 1555 qni
1244 1497 1303 1540 non

128 1590 268 1662 rescitur,
292 1592 454 1647 vescentem
468 1602 504 1645 ne
518 1585 637 1658 judicet.
676 1586 754 1644 Deus
771 1587 846 1643 enim
860 1586 940 1644 illum
963 1587 1136 1658 assumpsit«
1154 1590 1208 1643 etc.
1247 1583 1304 1642 Hic

129 1692 254 1751 ostendit
275 1692 349 1750 banc
371 1691 523 1766 epistolem
543 1690 572 1749 d.
588 1690 709 1748 Paulum
732 1690 770 1748 ad
784 1692 943 1764 Romanos,
966 1692 1020 1749 boc
1035 1697 1079 1749 cst
1093 1689 1303 1749 Romanensem

131 1798 283 1855 ecclesiam
298 1796 456 1871 scripsisse,
472 1802 502 1855 et
516 1797 584 1869 quia
599 1796 660 1853 haec
675 1796 858 1868 exgentibus
875 1801 904 1853 et
913 1794 1023 1854 Judaeis
1038 1799 1214 1868 congregata
1228 1798 1302 1867 erat,

131 1908 229 1975 gentes
245 1902 412 1975 evangelica
425 1901 559 1961 libertate
575 1906 686 1959 utentes
702 1901 876 1973 quibuslibet
889 1900 960 1959 cibis
969 1899 1169 1972 vescebantur,
1185 1898 1234 1971 qui
1248 1914 1300 1958 an·

133 2014 188 2065 tem
202 2023 241 2065 ex
255 2006 407 2066 Juduismo
422 2010 519 2079 erant,
536 2005 717 2079 judaicarum
738 2005 965 2063 caerimoniarum
987 2005 1094 2063 assueti
1109 2004 1211 2077 abiis,
1237 2018 1302 2075 quse

130 2113 158 2169 in
171 2112 238 2185 lege
253 2108 399 2184 prohibita
414 2117 513 2185 erant,
535 2110 718 2170 abstinebant
732 2125 786 2168 nec
806 2116 865 2168 tans
887 2109 962 2166 illico
983 2109 1110 2167 libertati
1131 2107 1303 2181 evangelicus

82 2270 84 2281 ,
130 2216 311 2274 subscribere
324 2220 492 2289 potuerunt.
531 2214 604 2273 Orto
624 2216 712 2287 igitur
732 2215 808 2270 inter
827 2211 880 2270 hos
896 2213 968 2271 duos
983 2213 1105 2286 populos
1120 2214 1304 2272 contentione

131 2328 159 2380 ct
171 2322 267 2381 altero
281 2320 371 2379 alium
386 2324 585 2379 contemnente
600 2320 647 2378 rel
660 2335 691 2377 se
706 2320 799 2390 ipsum
814 2318 878 2375 aliis
894 2315 1074 2391 praeferente,
1091 2308 1119 2375 d.
1129 2318 1237 2377 Paulus
1252 2333 1300 2377 co·

129 2430 208 2484 actus
223 2429 271 2484 est
285 2424 433 2497 singulme
447 2430 533 2499 caput
547 2425 577 2481 in
591 2424 646 2482 hac
660 2419 784 2497 epistole
799 2421 834 2480 de
849 2422 926 2480 hisce
942 2423 1028 2481 rebus
1043 2423 1233 2495 conscribere,
1250 2421 1302 2481 do-

129 2546 196 2588 cens
209 2528 357 2603 quomodo
376 2534 500 2602 utraque
521 2544 591 2602 gens
613 2543 643 2586 se
658 2530 688 2585 in
707 2528 761 2586 lroc
775 2532 890 2600 gereret
904 2543 939 2584 ac
959 2544 990 2584 se
1004 2529 1098 2600 ipsum
1113 2527 1223 2585 Paulus
1237 2541 1304 2585 con·

130 2635 289 2695 tilietorem
304 2648 340 2692 ac
354 2632 500 2691 doctorem
514 2632 544 2689 in
559 2632 654 2692 medio
668 2632 855 2706 interposuit,
877 2631 982 2689 docens
1007 2646 1122 2704 qnoque
1142 2646 1199 2704 qno
1218 2636 1305 2703 pacto

82 2738 88 2781 ¹
130 2738 260 2823 infirmus
283 2738 314 2796 in
336 2735 395 2795 tide
414 2736 619 2795 sustentandus
643 2737 681 2796 sit
695 2741 749 2795 etc.
788 2735 870 2807 Quod
893 2742 989 2793 antem
1011 2734 1107 2793 omnia
1126 2727 1234 2794 mundo
1247 2736 1306 2796 sint

82 2834 93 2887 Ι
130 2843 252 2919 mundis,
270 2842 451 2901 ecclesiastes
466 2857 502 2899 ex
510 2841 606 2900 verbis
614 2839 732 2900 Christi:
751 2841 839 2898 »Non
852 2839 928 2912 quod
943 2839 1032 2897 intrat
1046 2840 1077 2897 in
1092 2854 1124 2897 os
1139 2839 1307 2913 coinquinat

131 2948 295 3010 homiuem«
307 2953 363 3007 etc.
373 2947 515 3022 probavit.
535 2944 689 3005 Adducens
700 2946 794 3005 inhoc
803 2947 895 3019 ipsum
906 2950 934 3003 et
943 2945 1015 3003 alios
1031 2946 1140 3018 aliquot
1149 2947 1305 3020 scriptura⁴

98 3066 102 3077 ·
133 3054 290 3115 rumlocos.
313 3052 361 3110 Ita
371 3054 469 3110 umen
478 3049 514 3107 de
524 3050 713 3125 suscipiendis
725 3049 845 3109 infirmis
854 3048 960 3123 docuit,
978 3066 1014 3107 ne
1029 3048 1160 3109 refractis
1173 3055 1202 3109 et
1215 3051 1304 3111 obsti-

104 3180 106 3187 ·
136 3159 204 3215 nafis
218 3155 391 3231 pctulsntite
405 3154 485 3213 locus
500 3159 622 3228 pateret.
646 3155 719 3214 Item
734 3155 913 3213 conducibile
928 3155 1020 3213 videri
1036 3157 1144 3229 ajebat,
1162 3161 1192 3214 ct
1205 3160 1305 3215 nostro

138 3256 185 3321 loc
198 3278 264 3321 aevo
279 3260 403 3319 Paulum
418 3260 544 3332 aliquem
560 3231 709 3333 exurgere,
726 3260 775 3332 qui
795 3261 1019 3319 controversiam
1034 3260 1182 3333 religionis
1197 3275 1233 3317 ea
1248 3276 1307 3332 qua

140 3362 237 3424 loulns
259 3364 406 3438 probitate
429 3369 622 3438 componeret.
660 3363 739 3421 Dens
761 3366 884 3438 optimus
906 3366 1059 3437 maximus,
1086 3372 1119 3422 ut
1133 3364 1261 3437 quotidie
1275 3365 1306 3423 iu

141 3465 186 3527 ide
200 3475 231 3528 et
246 3469 377 3543 puritate
399 3466 467 3526 fidoi
481 3467 658 3527 robustiores
676 3465 745 3526 facti
765 3468 891 3527 infirmos
913 3485 1025 3541 quoque
1041 3469 1237 3543 suscipiamus,
1253 3466 1313 3537 do·v

143 3580 191 3645 net,
205 3589 241 3632 ac
263 3578 299 3631 ut
313 3572 385 3630 nulli
401 3571 522 3631 alienius
544 3572 672 3631 scandali
691 3590 763 3632 unsa
783 3573 833 3632 sed
856 3575 1015 3646 exemplum
1036 3574 1066 3630 in
1089 3570 1305 3632 edificationem

143 3678 229 3737 simus.
267 3676 362 3749 quue
381 3692 436 3751 per
453 3677 554 3737 Jesum
573 3677 718 3736 christum
734 3679 878 3737 dominum
894 3684 1036 3752 nostrum,
1062 3680 1110 3752 qui
1126 3695 1189 3736 cum
1205 3678 1305 3738 eodem

144 3788 215 3852 latre
231 3788 261 3843 et
275 3788 378 3842 sancto
393 3784 498 3857 spiritu
511 3782 677 3843 benedictus
693 3785 723 3842 in
737 3783 840 3841 secula.

220 3889 349 3949 loannes
363 3887 493 3947 marchio
508 3904 562 3947 nec
575 3894 770 3962 tegumentum
784 3886 863 3961 illud,
880 3886 957 3958 quod
973 3887 1059 3960 vulgo
1073 3886 1178 3943 coelum
1192 3887 1304 3954 vocant,

142 3992 231 4053 indie
251 3994 383 4067 corporis
405 3991 512 4053 Glrristi
537 4000 669 4068 gestare,
698 4009 749 4051 nec
771 3993 890 4050 Interim
919 3991 961 4049 illi
981 3989 1160 4049 subscribere
1182 3986 1306 4045 voluisse

141 4098 246 4158 dicitnr.

221 4206 277 4278 Da,
293 4202 420 4279 domine,
435 4202 512 4276 qnod
525 4201 568 4277 tt,
583 4208 616 4262 ut
628 4204 712 4275 juxta
726 4201 901 4261 voluntatem
922 4206 1000 4259 tuam
1015 4196 1077 4254 fist.

181 4322 292 4372 Waldeekr
1053 4304 1095 4361 1ss
