2678 4546
123 177 256 237 debcant.
280 174 433 244 Liberum,
449 171 551 243 inquit,
567 170 619 230 tibi
635 174 694 242 est,
710 168 774 227 Deo
788 166 932 242 hebraice,
948 184 1050 242 graece,
1067 164 1240 242 galliea'etc.
1253 165 1294 224 lo·

111 284 184 356 oui,
200 283 224 339 is
240 281 315 338 enim
333 293 417 337 omne
435 276 541 334 idioma
555 275 697 348 intelligit.
722 273 822 347 Longe
834 279 930 333 autem
940 272 1019 332 aliud
1034 278 1086 346 est,
1103 288 1168 330 cum
1183 269 1294 329 homine

123 386 284 462 peregrinas
304 384 410 456 lingua
430 381 532 454 ignaro
553 381 631 453 loqui
653 385 682 460 et
708 379 785 436 hunc
804 380 969 453 instituere,
1000 377 1124 452 exempli
1144 377 1249 451 gratia,
1272 377 1294 433 si

114 489 311 548 ¹scholasticus
333 503 391 545 non
407 501 442 542 ex
457 486 533 543 omni
548 500 677 542 sermone
689 484 876 557 praeceptoris
892 485 936 541 sui
947 483 1087 543 eruditior
1102 481 1209 541 evadit.
1224 480 1293 540 Nam

125 595 149 651 si
166 596 326 667 praeceptor
348 570 411 648 curn
435 605 525 672 uxore
548 589 667 666 propria
686 594 737 646 aut
758 586 866 647 familia
886 585 1098 659 confabuletur,
1119 585 1151 644 id
1176 585 1248 642 nihil
1262 583 1296 643 ad

108 699 257 773 discipuli
278 697 484 755 institutionem
507 693 590 767 iacit,
616 693 667 752 sed
682 693 837 774 discipulus
853 709 889 750 ex
904 709 939 750 eo
954 705 1100 763 sermone,
1124 705 1211 771 quem
1226 705 1296 763 pra-

114 809 225 878 ·ceptor
245 803 283 860 ad
303 803 365 874 ejus
388 805 501 874 captum
521 798 716 858 accommodat
739 802 768 855 et
791 797 908 871 proprie
924 797 962 856 ad
976 795 1007 854 id
1020 795 1155 869 instituit,
1179 795 1297 869 peritior

125 907 166 966 fit.
206 905 337 964 Indicans
359 905 476 978 insuper
498 902 641 976 quomodo
668 902 822 975 genuinum
847 904 997 976 scripturae
1012 894 1140 980 {verbum
1160 899 1298 959 hactenus

125 1011 307 1087 profligatum
321 1007 417 1082 inerit,
434 1014 463 1066 et
477 1008 562 1079 hujus
577 1006 640 1065 loco
657 1006 768 1080 Scotus,
785 1007 922 1080 Thomas,
946 1004 1089 1080 seraphici
1096 1004 1247 1077 doctores,
1271 1008 1299 1061 et

126 1117 234 1190 siquid
256 1116 343 1186 hujus
366 1113 424 1170 albi
441 1112 570 1171 homines
590 1091 755 1185 suggestum
777 1105 963 1185 occuparunt.
1002 1109 1063 1169 Sibi
1088 1114 1184 1167 autern
1209 1108 1299 1170 videri

115 1220 309 1280 ¹Germaniam
324 1233 385 1291 prae
401 1217 510 1297 ceteris
519 1215 681 1274 nationibus
696 1214 750 1273 hac
764 1216 794 1273 in
809 1231 842 1274 re
857 1215 1064 1274 infoeliciorem.
1094 1213 1171 1272 Nam
1187 1219 1298 1287 postea·

127 1341 213 1399 quam
232 1323 325 1396 primo
342 1320 448 1378 Christi
467 1318 538 1379 fides
561 1321 713 1393 praedicari
734 1321 835 1394 coepit,
846 1329 849 1333 ’
860 1320 982 1394 apostoli
1003 1324 1032 1378 et
1052 1319 1155 1390 quiex
1168 1319 1299 1379 Hebraeis

126 1427 212 1486 fidem
228 1425 452 1498 annunciarunt,
468 1424 598 1498 hebraea,
614 1428 713 1498 utpote
728 1441 795 1498 sna,
821 1427 919 1498 lingua
933 1426 964 1483 in
980 1423 1200 1482 sermocinando
1216 1429 1246 1482 et
1258 1423 1297 1482 lo

129 1532 242 1606 quondo
265 1531 309 1588 usi
329 1535 408 1602 sunt,
441 1545 525 1602 eave,
551 1546 609 1602 qua
631 1529 687 1587 illis
708 1535 772 1589 erat
792 1531 898 1592 nativa.
938 1528 996 1589 Ubi
1012 1527 1104 1586 Graeci
1127 1507 1298 1602 receperunt

127 1635 325 1709 Evangelium,
342 1649 436 1708 graeco
449 1650 501 1692 suo
511 1632 657 1706 idiomate,
674 1634 750 1706 quod
763 1635 819 1693 illis
831 1636 958 1693 nativum
972 1638 1045 1706 erat,
1060 1634 1106 1690 usi
1121 1637 1199 1692 sunt
1225 1631 1297 1690 Dum

129 1744 227 1803 Roma
242 1740 394 1815 praedicari
409 1743 533 1813 coepturn
549 1747 609 1812 est,
632 1740 662 1797 in
686 1740 755 1798 latio
776 1755 907 1798 somnone
930 1737 1101 1798 cantabatur
1117 1742 1147 1795 et
1162 1736 1296 1812 pradica-

127 1850 221 1908 batur.
247 1847 384 1906 Omnibus
399 1846 475 1903 enim
490 1848 603 1919 constat
621 1845 768 1919 vidgarem
791 1861 949 1905 sermonem
972 1845 1003 1902 id
1018 1844 1158 1917 temporis
1174 1844 1206 1901 in
1220 1842 1297 1901 ltalia

127 1955 228 2012 latium
250 1952 309 2009 siue
331 1951 451 2008 latinum
473 1946 569 2007 fuisse.
608 1948 781 2030 Etdurauit
806 1949 836 2008 id
852 1965 965 2022 quoque
981 1949 1107 2022 aprima
1131 1944 1297 2006 ecclesiaed

128 2072 220 2130 panca
236 2056 338 2114 abhinc
353 2071 445 2126 usquc
460 2058 601 2128 tempora.
630 2036 751 2113 Miseria*
762 2073 830 2114 vero
846 2055 997 2131 Germanis
1012 2056 1138 2128 psalmos
1155 2068 1259 2134 canere
1272 2055 1297 2109 et

128 2175 213 2219 sacra
226 2159 374 2241 celebrare
386 2159 416 2216 in
428 2164 527 2217 nostra
538 2158 636 2231 lingua
649 2176 706 2218 non
720 2160 904 2233 permittitur,
920 2175 984 2218 cum
1000 2157 1295 2228 tamenTertullianui

130 2269 160 2323 et
166 2263 344 2335 Augustinus
358 2262 531 2336 inllippone
540 2262 598 2320 Sua
611 2264 641 2321 in
656 2263 745 2330 africo
760 2263 894 2322 idiomate
908 2265 1034 2335 psalmos
1050 2262 1211 2337 cantarint,
1227 2259 1295 2335 quod

130 2367 221 2426 velex
231 2382 265 2426 eo
275 2370 364 2440 patet,
381 2366 457 2438 qnod
466 2366 573 2424 vicibus
582 2367 692 2440 aliquot
700 2368 845 2443 populum,
862 2383 926 2424 curn
936 2364 1035 2426 floruit
1044 2368 1074 2425 in
1087 2367 1212 2439 quodam
1227 2366 1293 2442 panl-

130 2488 176 2530 mo
185 2475 309 2557 caneret,
328 2477 359 2530 ut
373 2468 486 2530 florebit
497 2477 647 2531 cantarent
655 2475 766 2532 monuit
777 2452 830 2532 etc.
855 2474 908 2532 His
920 2473 1054 2546 opposuit
1068 2472 1248 2547 papistarnm
1258 2475 1292 2531 in

129 2580 195 2637 ania
208 2594 354 2636 murmura
370 2583 399 2636 et
411 2594 469 2636 non
481 2554 640 2638 intellectas
651 2593 743 2652 uoces,
759 2577 794 2637 de
809 2579 911 2651 quibus
924 2579 1084 2637 luculenter
1099 2577 1235 2636 disseruit
1248 2582 1291 2636 aa

131 2684 267 2758 Superius
283 2688 393 2753 autem,
417 2683 466 2741 ubi
487 2683 524 2743 de
545 2684 685 2743 munditia
704 2686 901 2757 apostolorum
918 2684 1032 2744 dicebat
1047 2683 1195 2745 Christum
1209 2688 1238 2742 et
1250 2695 1292 2757 per

132 2785 253 2860 figuram
269 2788 420 2845 locutionis
435 2804 484 2845 eos
500 2788 661 2862 appellasse
677 2789 812 2864 mundos,
835 2791 884 2862 qui
903 2806 999 2847 secum
1021 2789 1117 2849 animo
1133 2784 1291 2853 recolerent,

132 2906 196 2962 quae
211 2891 267 2947 illis
280 2889 409 2948 Christus
419 2891 556 2949 hactenus
567 2892 694 2966 dixisset,
711 2900 819 2966 quanta
832 2896 1010 2967 accepissent
1025 2898 1054 2970 et
1069 2909 1135 2965 qnae
1152 2893 1244 2952 adlrim
1257 2904 1291 2950 aa
1324 2908 1335 2987 ἐ

132 2995 243 3069 cepturi
264 3000 373 3067 essent,
396 2996 420 3052 si
444 2996 533 3054 verba
554 2998 615 3070 ejus
638 2998 780 3058 audierint
802 3005 831 3057 et
846 3000 870 3057 si
886 3015 920 3058 eo
936 3014 967 3057 se
985 2998 1088 3072 dignos
1104 3003 1220 3075 gerant.
1255 2993 1293 3054 hit
1327 3028 1332 3059 z

133 3101 207 3158 enim
229 3099 305 3158 hunc
325 3116 434 3158 morem
455 3102 540 3160 etiam
562 3104 693 3176 apostolo
713 3103 879 3164 familiarem
905 3119 985 3176 esse,
1008 3108 1041 3161 ut
1063 3119 1126 3162 cum
1151 3105 1292 3163 admonere
1318 3140 1335 3179 ἑ

131 3221 198 3265 snos
213 3223 272 3263 snae
288 3207 445 3265 vocationis
461 3209 556 3282 vellet,
583 3210 703 3269 diceret:
729 3209 827 3268 Sancti
844 3210 920 3282 estis,
938 3208 1028 3266 abluti
1043 3209 1123 3280 estis,
1149 3210 1224 3268 sicut
1238 3215 1292 3283 ets
1319 3244 1335 3285 Ε

131 3311 236 3370 Petrus
252 3310 336 3368 dicit:
358 3328 408 3369 vos
424 3313 491 3371 estis
508 3331 578 3387 gens
594 3320 702 3388 sancta,
718 3315 816 3388 regale
832 3312 1024 3372 sacerdotium
1040 3318 1106 3386 etc,
1123 3313 1171 3372 his
1187 3316 1295 3375 maen
1320 3354 1335 3393 -,

133 3420 165 3472 ut
180 3429 318 3472 memores
335 3419 440 3474 nostrae
455 3417 484 3473 in
501 3416 613 3478 Christo
629 3420 797 3479 conditionis
814 3434 937 3478 essemus
962 3432 1015 3475 nec
1029 3417 1208 3490 ignobilibus
1222 3419 1296 3492 huju
1324 3460 1335 3489 ,-

132 3520 220 3578 seculi
236 3536 288 3577 nos
303 3521 509 3582 immisceamus
520 3530 573 3582 etc.
597 3525 693 3583 Veluti
705 3526 729 3582 si
745 3524 809 3597 quis
818 3523 873 3581 rite
889 3521 1074 3594 advirginem
1092 3523 1186 3583 dicat:
1202 3524 1299 3584 aenea

132 3631 163 3683 et
177 3625 282 3699 pudica
297 3642 342 3698 es,
366 3628 448 3698 quasi
467 3627 590 3701 diceret,
614 3644 671 3686 non
691 3634 721 3686 tc
745 3628 884 3700 eJusmodi
905 3627 1031 3686 moribus
1060 3641 1138 3701 esse,
1161 3637 1195 3689 at
1208 3635 1299 3706 turpe
1327 3626 1331 3635 '

133 3730 195 3788 istm
209 3729 294 3788 laniae
309 3738 360 3790 aut
374 3725 540 3806 lupae⁴sunt,
566 3735 706 3792 convenit.
746 3733 816 3790 Item
839 3739 870 3791 ut
893 3733 977 3791 alicui
1000 3747 1036 3790 ex
1051 3731 1144 3791 nobili
1158 3738 1301 3794 sammaa

133 3839 201 3893 nato
224 3835 362 3907 ejusmodi
383 3836 478 3894 verbis
498 3837 592 3895 calcar
615 3837 652 3895 ad
673 3838 807 3896 uirtutem
831 3838 937 3896 addere
951 3852 1115 3909 possemus:
1140 3838 1189 3898 Ex
1202 3837 1301 3899 illustri

135 3945 217 3998 nattis
233 3955 263 3997 es
278 3941 428 4014 prosapia,
451 3940 533 3999 decet
548 3947 577 4001 te
592 3943 703 4014 generis
719 3945 761 4001 tui
777 3943 862 4001 decus
879 3942 1037 4014 illustrare,
1060 3942 1148 4001 modo
1164 3942 1302 4003 nobillbu

137 4047 216 4101 ortus
236 4045 274 4100 sis
296 4044 447 4102 natalibus.
486 4045 525 4102 Et
545 4044 672 4118 proiecto
692 4048 885 4121 maximopere
906 4045 936 4104 id
956 4046 1300 4121 temporisnecerrarium
