2678 4546
682 41 748 107 led

129 232 183 288 lius
199 237 252 288 etc.
292 227 366 285 Naar
381 224 520 298 supprimi
535 221 619 281 debet
636 223 669 294 is,
687 223 736 295 qui
750 221 836 281 modo
851 221 905 296 est,
921 214 1069 296 religionis
1084 226 1189 282 statas.
1229 223 1302 296 Qud

27 373 37 394 ,
128 335 265 394 iaciemus
278 327 415 390 tandem?
435 329 475 388 Et
488 330 530 386 ita
543 346 561 387 a
576 326 682 399 templo
697 326 831 384 Mauricii
853 327 975 386 invicem
994 343 1158 387 sermonem
1180 331 1300 402 protuli·

130 457 193 497 mus
207 438 298 497 donec
313 439 343 494 in
358 434 451 494 iorum
466 437 534 491 ante
550 431 664 489 domum
679 432 854 489 senatoriam
869 431 899 488 iu
913 431 1003 488 latum
1018 430 1089 488 illud
1104 434 1242 504 spatium,
1258 434 1303 492 ubi

131 561 149 601 a
163 542 272 601 dextris
296 539 470 614 patibulum,
492 552 511 595 a
530 537 653 615 sinistris
674 533 854 593 aedificiolum
869 533 947 592 istud
961 551 998 591 ex
1012 530 1160 594 asseribus
1175 553 1301 610 compac-

130 654 200 719 tum,
222 647 251 703 in
274 662 329 717 quo
344 641 566 713 Vogebbergius
581 641 675 712 capite
690 640 790 712 plexus
806 644 879 711 erat,
902 638 1078 697 devenimus.
1128 641 1221 699 Novit
1237 641 1302 700 deus

129 751 275 823 inspector
291 748 399 819 cordis,
436 747 499 818 quis
522 745 660 802 sintoutes
674 748 726 818 ,aut
740 731 808 800 nou.
847 742 891 801 Re
912 744 977 816 ipsa
996 749 1093 801 tamen
1115 746 1301 819 comperimus

130 855 220 926 magis
236 852 355 912 infestas
370 867 432 908 esse
448 865 571 908 summas
588 853 744 920 potestates
754 863 823 919 erga
835 848 986 905 veritatem
997 849 1217 918 amplectentes.
1234 849 1301 922 Quia

130 959 217 1030 igitur
237 959 309 1015 bora
329 961 505 1027 accesserat,
528 931 585 1024 qua
608 953 715 1010 curiam
738 951 919 1009 consultandi
939 953 1034 1023 gratia
1054 957 1172 1025 petunt,
1191 953 1299 1012 domiuo

129 1062 238 1120 Jacobo
262 1077 306 1118 me
325 1060 362 1119 ad
384 1060 537 1118 amicitiam
561 1063 590 1116 et
611 1055 706 1115 officia
727 1056 831 1128 obtuli,
859 1071 966 1128 rogans
988 1060 1021 1113 ut
1043 1056 1173 1114 Martiae
1192 1055 1299 1114 Bucero

131 1182 195 1225 mco
212 1166 325 1223 nomine
340 1164 462 1221 salutem
476 1161 593 1220 diceret.
627 1160 651 1217 Ο
666 1167 806 1232 tempora,
821 1175 838 1216 o
853 1162 962 1217 mores!
991 1160 1129 1233 Respice,
1146 1178 1164 1219 c
1180 1161 1259 1232 deus,
1274 1161 1299 1216 in

130 1269 232 1326 faciem
249 1266 355 1324 Christi
371 1268 413 1325 tui
428 1271 458 1323 et
472 1269 611 1323 memento
628 1265 824 1336 promissionis
838 1267 911 1334 tuac,
933 1263 982 1335 qui
996 1261 1099 1320 fallere
1114 1265 1228 1335 nequis.
1250 1262 1297 1320 Di·

130 1372 197 1429 xisti
214 1372 305 1444 enim,
328 1371 551 1428 misericordiam
570 1375 648 1427 tuam
669 1374 698 1426 te
719 1384 776 1426 non
791 1367 954 1426 ablaturum
969 1385 988 1426 a
1001 1368 1125 1439 posteris
1141 1373 1171 1426 et
1186 1367 1298 1426 coherc

131 1476 213 1535 dibus
228 1474 347 1534 Davidis
362 1476 438 1533 illius
453 1474 566 1545 mystici
581 1472 632 1530 filii
647 1474 689 1530 tui
703 1473 774 1530 Jesu
788 1470 940 1530 benedicti.
973 1471 1045 1543 Cito,
1063 1471 1120 1529 cito
1136 1487 1191 1530 nos
1206 1473 1298 1530 antici·

130 1584 202 1653 peut
217 1579 419 1638 misericordiae
435 1586 506 1652 tuae,
530 1578 714 1651 pauperiores
730 1577 804 1633 euim
826 1591 939 1648 sumus,
964 1592 1050 1648 quam
1070 1577 1126 1648 ipsi
1147 1590 1299 1648 agnoscere
1327 1618 1334 1657 Ξ

131 1699 277 1756 queamus.
302 1686 408 1742 Verum
422 1688 473 1741 tua
488 1688 588 1740 sancta
602 1681 734 1740 voluntas
749 1677 809 1738 fiat.
833 1679 934 1737 Amen.
966 1751 968 1754 Ι

219 1788 328 1846 Eadem
344 1794 412 1846 ante
427 1788 593 1846 concionem
616 1784 691 1844 inira
706 1787 835 1858 quintam
850 1790 879 1842 et
894 1784 1044 1856 septimam
1058 1783 1147 1842 horas
1162 1785 1298 1858 capitula·
1328 1855 1339 1861 α

130 1893 237 1952 tionem
252 1909 353 1950 manus
368 1908 439 1950 meae
455 1891 663 1963 subscriptione
679 1895 708 1947 et
723 1890 828 1949 annulo
844 1889 1002 1960 signatorio
1016 1890 1047 1946 in
1061 1888 1190 1962 bospitio
1205 1895 1299 1949 nostro
1324 1938 1329 1973 ,

130 1997 378 2055 corroboravimus
395 1995 458 2072 (rex
473 2010 592 2068 regnam
607 1991 737 2067 adverte)
754 2009 867 2052 accam
886 1993 1004 2050 Liborio
1020 1992 1186 2052 doctoribus
1208 1992 1297 2065 l'iglio
1324 2024 1327 2033 ·

132 2107 161 2159 et
177 2101 262 2159 Scldo
277 2099 451 2158 offerendam
468 2099 605 2173 dedimas,
622 2101 670 2172 qui
686 2105 824 2170 utrosque
838 2113 897 2155 una
916 2098 1023 2168 reperit
1038 2096 1146 2170 dicens,
1161 2097 1298 2171 capitula·

131 2205 237 2260 tionem
258 2203 374 2275 quidem
393 2210 425 2261 ut
439 2204 594 2275 jussissent
613 2219 667 2273 per
688 2218 732 2260 me
752 2201 954 2274 subscriptam,
984 2207 1111 2260 atmureu
1136 2218 1181 2260 mc
1200 2203 1298 2261 bonan
1319 2179 1339 2263 s

132 2323 212 2379 spem
228 2307 389 2378 concepisse
410 2313 439 2365 et
453 2306 575 2378 idipsum
595 2322 707 2379 quoque
727 2322 773 2365 me
796 2307 889 2365 abeis
912 2310 1023 2378 petere,
1044 2314 1077 2365 ut
1091 2308 1116 2364 si
1132 2323 1192 2378 qua
1205 2309 1300 2378 posse
1320 2283 1325 2291 ⁹

133 2409 205 2484 ficri,
223 2427 331 2469 summa
346 2411 531 2469 minueretur.
569 2413 624 2469 Ast
638 2416 733 2470 manet
748 2411 899 2469 immobilis
914 2410 1063 2482 Marpesia
1077 2417 1191 2469 cautex.
1231 2409 1303 2482 Quis·
1318 2466 1323 2497 r

131 2523 226 2575 autem
242 2516 312 2575 nibil
327 2516 427 2575 borum
442 2514 505 2573 lieri
522 2532 605 2587 posse
620 2515 748 2588 cognovi,
765 2531 814 2573 eos
830 2514 939 2587 rogavi,
956 2518 988 2570 ut
1003 2516 1239 2587 capitulationem
1252 2528 1302 2573 sc·-
1333 2596 1337 2601 Ι

131 2621 258 2690 ciperent
273 2621 457 2678 attrebatensi
476 2637 528 2692 per
549 2621 671 2678 alteram
688 2635 787 2676 eorum
802 2616 989 2690 offerendam,
1014 2617 1091 2691 quod
1107 2619 1220 2692 Viglius
1235 2616 1296 2678 zri-

132 2724 237 2781 ebeuus
253 2741 283 2781 se
298 2724 441 2784 facturum
456 2727 573 2797 recepit.
598 2724 744 2783 Adeuntes
759 2730 855 2781 autem
869 2723 898 2780 bi
915 2721 971 2781 duo
986 2722 1218 2794 atrebatensem,
1233 2723 1295 2794 Vig·
1312 2780 1319 2803 ‚

131 2827 195 2897 lius,
213 2829 307 2884 nescio
323 2828 416 2886 studio
432 2846 469 2886 an
483 2829 593 2886 incuria
606 2827 720 2899 fecerit,
744 2825 853 2900 ajebat,
876 2843 907 2884 se
923 2827 1000 2885 domi
1015 2842 1075 2883 suae
1090 2810 1319 2899 capitulatieuic·¹

133 2929 252 2989 oblitum
267 2928 363 2988 luisse.
403 2931 555 2990 Commode
578 2938 674 2989 autem
689 2931 805 3004 accidit,
830 2936 862 2988 ut
876 2930 981 2988 Florus
1003 2931 1065 3001 ipse
1081 2929 1295 2988 attrebatensem

133 3034 358 3092 conveniretetc.
374 3033 416 3091 Ac
431 3035 522 3108 petiit,
531 3037 627 3107 utjam
637 3036 734 3095 oblata
747 3035 952 3108 capitulatione
964 3051 1011 3093 res
1023 3050 1058 3092 co
1073 3033 1160 3107 dirigi
1176 3037 1312 3135 possent·¹

133 3154 171 3194 ne
186 3137 301 3212 diutivm
318 3141 396 3212 quod
411 3142 509 3212 utique
523 3142 645 3198 maximo
660 3155 788 3197 mearum
803 3156 900 3197 rerum
914 3139 1064 3211 dispendio
1079 3136 1172 3211 fieret,
1195 3136 1326 3213 frum„

132 3241 177 3298 hic
194 3242 345 3315 detineret,
361 3251 390 3302 et
406 3251 436 3301 ut
451 3244 555 3302 litterae
570 3243 758 3302 absolutionis
773 3260 836 3301 cum
851 3244 979 3302 articulis
994 3243 1114 3314 aliquot,
1130 3258 1202 3315 quos
1224 3267 1226 3289 r
1243 3269 1246 3292 ι
1272 3282 1275 3288 -
1309 3222 1337 3307 ἶ

132 3344 236 3403 Florus
252 3352 420 3419 mutaverat,
437 3350 577 3407 conscribi
592 3340 722 3421 possent.
742 3348 940 3406 atrebatensis
955 3351 1051 3405 autem
1066 3347 1183 3406 iuterim
1197 3334 1304 3422 glovM
1313 3317 1339 3342 Β

133 3453 247 3522 tuaest,
265 3466 349 3521 quam
371 3453 514 3524 egregiam
534 3468 650 3525 operam
674 3453 764 3509 nostri
779 3468 849 3524 ergo
863 3456 1005 3509 navasset.
1043 3451 1137 3523 Nosti,
1153 3452 1275 3524 iuquit,

132 3552 245 3611 domine
260 3558 290 3611 ct
305 3555 365 3627 ipse
377 3554 473 3613 vidisti
488 3556 558 3630 quid
572 3557 689 3629 egerim,
701 3562 731 3614 ct
744 3555 837 3613 adbuc
852 3572 910 3613 nou
923 3553 1041 3612 cessabo
1058 3554 1166 3613 domini
1181 3555 1224 3614 tui
1235 3552 1336 3626 pf

134 3656 238 3715 lectum
255 3675 391 3730 quarere.
431 3661 473 3718 Ac
492 3662 534 3718 sic
549 3661 666 3718 Liborio
685 3660 829 3732 paululum
851 3663 1002 3732 expectare
1018 3660 1100 3731 jusso
1124 3661 1239 3719 tandem
1251 3669 1293 3715 rc·

132 3778 230 3820 versus
245 3765 299 3820 ait:
316 3763 341 3820 l
357 3763 479 3835 prandio
495 3765 598 3822 iterum
612 3782 658 3822 me
673 3765 826 3823 convenias
842 3779 925 3821 cura.
1285 3745 1339 3821 Γ

220 3866 345 3925 Conatus
360 3874 455 3926 autem
462 3867 595 3926 Liborius
611 3869 837 3941 provolutiouem
846 3867 884 3926 ad
895 3866 983 3939 pedes
999 3870 1115 3928 caesaris
1124 3868 1148 3926 si
1163 3883 1222 3942 qua
1234 3866 1313 3941 Μ’

131 3976 175 4026 set
189 3971 308 4029 amoliri.
346 3973 452 4029 l'erum
468 3971 618 4044 episcopus
641 3973 793 4031 subridens
813 3971 843 4030 id
858 3972 978 4029 maxime
993 3970 1058 4031 fieri
1072 3973 1230 4046 oportebit,
1244 3970 1299 4055 ast

132 4088 221 4142 quare
236 4074 289 4133 hoc
305 4083 370 4134 tuus
386 4091 480 4134 comes
496 4076 567 4133 nolit
581 4074 696 4136 facere?
719 4077 820 4136 Faciet
834 4075 971 4150 prolecto,
992 4078 1087 4150 iuquit
1101 4076 1250 4148 Liborius,
1271 4062 1329 4143 ds
