<?xml version="1.0" encoding="UTF-8"?>
<!DOCTYPE html PUBLIC "-//W3C//DTD XHTML 1.0 Transitional//EN"
    "http://www.w3.org/TR/xhtml1/DTD/xhtml1-transitional.dtd">
<html xmlns="http://www.w3.org/1999/xhtml" xml:lang="en" lang="en">
 <head>
  <title>
</title>
<meta http-equiv="Content-Type" content="text/html;charset=utf-8" />
  <meta name='ocr-system' content='tesseract 3.04.00' />
  <meta name='ocr-capabilities' content='ocr_page ocr_carea ocr_par ocr_line ocrx_word'/>
</head>
<body>
  <div class='ocr_page' id='page_1' title='image "./desgrafenwolrad00trosgoog_0158.png"; bbox 0 0 2678 4546; ppageno 0'>
   <div class='ocr_carea' id='block_1_1' title="bbox 674 184 735 251">
    <p class='ocr_par' dir='ltr' id='par_1_1' title="bbox 674 184 735 251">
     <span class='ocr_line' id='line_1_1' title="bbox 674 184 735 251; baseline 0 0"><span class='ocrx_word' id='word_1_1' title='bbox 674 184 735 251; x_wconf 84' lang='lat' dir='ltr'>tls</span> 
     </span>
    </p>
   </div>
   <div class='ocr_carea' id='block_1_2' title="bbox 72 366 1294 4311">
    <p class='ocr_par' dir='ltr' id='par_1_2' title="bbox 72 366 1294 3993">
     <span class='ocr_line' id='line_1_2' title="bbox 114 366 1291 444; baseline 0 -15"><span class='ocrx_word' id='word_1_2' title='bbox 114 370 255 444; x_wconf 84' lang='lat' dir='ltr'>amicitia,</span> <span class='ocrx_word' id='word_1_3' title='bbox 280 382 345 442; x_wconf 74' lang='lat' dir='ltr'>qnae</span> <span class='ocrx_word' id='word_1_4' title='bbox 357 368 469 427; x_wconf 89' lang='lat' dir='ltr'>lucrum</span> <span class='ocrx_word' id='word_1_5' title='bbox 489 374 598 427; x_wconf 91' lang='lat' dir='ltr'>tantum</span> <span class='ocrx_word' id='word_1_6' title='bbox 620 376 671 427; x_wconf 92' lang='lat' dir='ltr'>aut</span> <span class='ocrx_word' id='word_1_7' title='bbox 684 369 775 427; x_wconf 89' lang='lat' dir='ltr'>solum</span> <span class='ocrx_word' id='word_1_8' title='bbox 791 368 922 426; x_wconf 78' lang='lat' dir='ltr'>secundae</span> <span class='ocrx_word' id='word_1_9' title='bbox 943 366 1065 426; x_wconf 83' lang='lat' dir='ltr'>iortunae</span> <span class='ocrx_word' id='word_1_10' title='bbox 1081 385 1179 428; x_wconf 89' lang='lat' dir='ltr'>auram</span> <span class='ocrx_word' id='word_1_11' title='bbox 1195 370 1291 441; x_wconf 83' lang='lat' dir='ltr'>sequi·</span> 
     </span>
     <span class='ocr_line' id='line_1_3' title="bbox 117 470 1293 551; baseline 0 -18"><span class='ocrx_word' id='word_1_12' title='bbox 117 481 161 533; x_wconf 90' lang='lat' dir='ltr'>tur</span> <span class='ocrx_word' id='word_1_13' title='bbox 178 476 283 551; x_wconf 88' lang='lat' dir='ltr'>(prout</span> <span class='ocrx_word' id='word_1_14' title='bbox 295 474 395 533; x_wconf 91' lang='lat' dir='ltr'>mundi</span> <span class='ocrx_word' id='word_1_15' title='bbox 411 490 472 532; x_wconf 90' lang='lat' dir='ltr'>mos</span> <span class='ocrx_word' id='word_1_16' title='bbox 488 472 545 547; x_wconf 85' lang='lat' dir='ltr'>est)</span> <span class='ocrx_word' id='word_1_17' title='bbox 560 475 598 533; x_wconf 85' lang='lat' dir='ltr'>ad</span> <span class='ocrx_word' id='word_1_18' title='bbox 613 490 710 532; x_wconf 80' lang='lat' dir='ltr'>veram</span> <span class='ocrx_word' id='word_1_19' title='bbox 726 474 877 532; x_wconf 74' lang='lat' dir='ltr'>amicitiam</span> <span class='ocrx_word' id='word_1_20' title='bbox 888 472 958 530; x_wconf 93' lang='lat' dir='ltr'>nibil</span> <span class='ocrx_word' id='word_1_21' title='bbox 973 470 1050 530; x_wconf 86' lang='lat' dir='ltr'>lacit.</span> <span class='ocrx_word' id='word_1_22' title='bbox 1074 474 1148 531; x_wconf 76' lang='lat' dir='ltr'>Nam</span> <span class='ocrx_word' id='word_1_23' title='bbox 1162 481 1192 532; x_wconf 93' lang='lat' dir='ltr'>et</span> <span class='ocrx_word' id='word_1_24' title='bbox 1207 484 1293 547; x_wconf 83' lang='lat' dir='ltr'>poeta</span> 
     </span>
     <span class='ocr_line' id='line_1_4' title="bbox 118 576 1291 653; baseline -0.002 -16"><span class='ocrx_word' id='word_1_25' title='bbox 118 581 235 653; x_wconf 83' lang='lat' dir='ltr'>quidam</span> <span class='ocrx_word' id='word_1_26' title='bbox 258 579 357 638; x_wconf 82' lang='lat' dir='ltr'>dicere</span> <span class='ocrx_word' id='word_1_27' title='bbox 379 580 470 637; x_wconf 85' lang='lat' dir='ltr'>novit:</span> <span class='ocrx_word' id='word_1_28' title='bbox 491 579 589 651; x_wconf 87' lang='lat' dir='ltr'>Turpe</span> <span class='ocrx_word' id='word_1_29' title='bbox 613 578 726 650; x_wconf 86' lang='lat' dir='ltr'>quidem</span> <span class='ocrx_word' id='word_1_30' title='bbox 746 578 842 651; x_wconf 82' lang='lat' dir='ltr'>dictu,</span> <span class='ocrx_word' id='word_1_31' title='bbox 862 577 913 635; x_wconf 87' lang='lat' dir='ltr'>sed</span> <span class='ocrx_word' id='word_1_32' title='bbox 936 579 961 635; x_wconf 91' lang='lat' dir='ltr'>si</span> <span class='ocrx_word' id='word_1_33' title='bbox 976 577 1060 636; x_wconf 92' lang='lat' dir='ltr'>modo</span> <span class='ocrx_word' id='word_1_34' title='bbox 1075 594 1144 636; x_wconf 81' lang='lat' dir='ltr'>cera</span> <span class='ocrx_word' id='word_1_35' title='bbox 1158 576 1291 650; x_wconf 81' lang='lat' dir='ltr'>latemur,</span> 
     </span>
     <span class='ocr_line' id='line_1_5' title="bbox 119 679 1290 758; baseline -0.003 -16"><span class='ocrx_word' id='word_1_36' title='bbox 119 685 219 758; x_wconf 72' lang='lat' dir='ltr'>uulgus</span> <span class='ocrx_word' id='word_1_37' title='bbox 232 684 377 742; x_wconf 73' lang='lat' dir='ltr'>amicitias</span> <span class='ocrx_word' id='word_1_38' title='bbox 397 684 522 742; x_wconf 86' lang='lat' dir='ltr'>utilitate</span> <span class='ocrx_word' id='word_1_39' title='bbox 540 683 654 757; x_wconf 85' lang='lat' dir='ltr'>pmbat.</span> <span class='ocrx_word' id='word_1_40' title='bbox 692 682 750 741; x_wconf 79' lang='lat' dir='ltr'>Ubi</span> <span class='ocrx_word' id='word_1_41' title='bbox 773 699 841 741; x_wconf 84' lang='lat' dir='ltr'>reno</span> <span class='ocrx_word' id='word_1_42' title='bbox 856 698 952 740; x_wconf 90' lang='lat' dir='ltr'>rerum</span> <span class='ocrx_word' id='word_1_43' title='bbox 977 679 1063 739; x_wconf 76' lang='lat' dir='ltr'>iacies</span> <span class='ocrx_word' id='word_1_44' title='bbox 1078 683 1188 740; x_wconf 84' lang='lat' dir='ltr'>tristior</span> <span class='ocrx_word' id='word_1_45' title='bbox 1202 699 1290 756; x_wconf 86' lang='lat' dir='ltr'>appa·</span> 
     </span>
     <span class='ocr_line' id='line_1_6' title="bbox 119 785 1293 861; baseline 0 -15"><span class='ocrx_word' id='word_1_46' title='bbox 119 790 216 861; x_wconf 68' lang='lat' dir='ltr'>ruerit,</span> <span class='ocrx_word' id='word_1_47' title='bbox 239 804 326 846; x_wconf 85' lang='lat' dir='ltr'>nemo</span> <span class='ocrx_word' id='word_1_48' title='bbox 341 792 400 861; x_wconf 71' lang='lat' dir='ltr'>est,</span> <span class='ocrx_word' id='word_1_49' title='bbox 416 789 468 859; x_wconf 85' lang='lat' dir='ltr'>qni</span> <span class='ocrx_word' id='word_1_50' title='bbox 482 790 603 846; x_wconf 89' lang='lat' dir='ltr'>amicum</span> <span class='ocrx_word' id='word_1_51' title='bbox 617 792 779 861; x_wconf 77' lang='lat' dir='ltr'>cognoscat,</span> <span class='ocrx_word' id='word_1_52' title='bbox 802 789 875 844; x_wconf 85' lang='lat' dir='ltr'>sient</span> <span class='ocrx_word' id='word_1_53' title='bbox 890 785 965 844; x_wconf 92' lang='lat' dir='ltr'>idem</span> <span class='ocrx_word' id='word_1_54' title='bbox 981 786 1061 843; x_wconf 77' lang='lat' dir='ltr'>Naso</span> <span class='ocrx_word' id='word_1_55' title='bbox 1075 789 1166 845; x_wconf 87' lang='lat' dir='ltr'>cauit:</span> <span class='ocrx_word' id='word_1_56' title='bbox 1192 786 1293 846; x_wconf 88' lang='lat' dir='ltr'>Donec</span> 
     </span>
     <span class='ocr_line' id='line_1_7' title="bbox 72 874 1293 964; baseline -0.002 -13"><span class='ocrx_word' id='word_1_57' title='bbox 72 874 75 881; x_wconf 49' lang='grc'><strong>’</strong></span> <span class='ocrx_word' id='word_1_58' title='bbox 118 896 171 951; x_wconf 90' lang='lat' dir='ltr'>eris</span> <span class='ocrx_word' id='word_1_59' title='bbox 189 891 265 951; x_wconf 81' lang='lat' dir='ltr'>felix</span> <span class='ocrx_word' id='word_1_60' title='bbox 284 892 389 951; x_wconf 85' lang='lat' dir='ltr'>multos</span> <span class='ocrx_word' id='word_1_61' title='bbox 417 893 580 951; x_wconf 75' lang='lat' dir='ltr'>immolabis</span> <span class='ocrx_word' id='word_1_62' title='bbox 602 892 721 963; x_wconf 82' lang='lat' dir='ltr'>amicos,</span> <span class='ocrx_word' id='word_1_63' title='bbox 755 898 885 963; x_wconf 86' lang='lat' dir='ltr'>tempora</span> <span class='ocrx_word' id='word_1_64' title='bbox 905 893 929 948; x_wconf 90' lang='lat' dir='ltr'>si</span> <span class='ocrx_word' id='word_1_65' title='bbox 954 889 1062 948; x_wconf 84' lang='lat' dir='ltr'>iuerirnt</span> <span class='ocrx_word' id='word_1_66' title='bbox 1085 890 1191 964; x_wconf 87' lang='lat' dir='ltr'>nubila,</span> <span class='ocrx_word' id='word_1_67' title='bbox 1215 892 1293 949; x_wconf 89' lang='lat' dir='ltr'>solus</span> 
     </span>
     <span class='ocr_line' id='line_1_8' title="bbox 118 994 1293 1069; baseline -0.002 -14"><span class='ocrx_word' id='word_1_68' title='bbox 118 998 180 1055; x_wconf 91' lang='lat' dir='ltr'>eris.</span> <span class='ocrx_word' id='word_1_69' title='bbox 215 996 298 1054; x_wconf 84' lang='lat' dir='ltr'>Talis</span> <span class='ocrx_word' id='word_1_70' title='bbox 311 996 400 1069; x_wconf 78' lang='lat' dir='ltr'>igitur</span> <span class='ocrx_word' id='word_1_71' title='bbox 414 997 548 1069; x_wconf 85' lang='lat' dir='ltr'>amicitia,</span> <span class='ocrx_word' id='word_1_72' title='bbox 563 1003 596 1054; x_wconf 91' lang='lat' dir='ltr'>ut</span> <span class='ocrx_word' id='word_1_73' title='bbox 606 996 679 1068; x_wconf 79' lang='lat' dir='ltr'>dixi,</span> <span class='ocrx_word' id='word_1_74' title='bbox 695 995 802 1054; x_wconf 89' lang='lat' dir='ltr'>nullius</span> <span class='ocrx_word' id='word_1_75' title='bbox 817 997 906 1067; x_wconf 85' lang='lat' dir='ltr'>precii</span> <span class='ocrx_word' id='word_1_76' title='bbox 922 1002 975 1053; x_wconf 89' lang='lat' dir='ltr'>est.</span> <span class='ocrx_word' id='word_1_77' title='bbox 1000 994 1131 1053; x_wconf 87' lang='lat' dir='ltr'>Christus</span> <span class='ocrx_word' id='word_1_78' title='bbox 1147 1002 1243 1055; x_wconf 89' lang='lat' dir='ltr'>autem</span> <span class='ocrx_word' id='word_1_79' title='bbox 1259 1002 1293 1055; x_wconf 88' lang='lat' dir='ltr'>ut</span> 
     </span>
     <span class='ocr_line' id='line_1_9' title="bbox 120 1098 1292 1174; baseline 0 -15"><span class='ocrx_word' id='word_1_80' title='bbox 120 1106 228 1159; x_wconf 89' lang='lat' dir='ltr'>remoto</span> <span class='ocrx_word' id='word_1_81' title='bbox 244 1100 322 1158; x_wconf 89' lang='lat' dir='ltr'>omui</span> <span class='ocrx_word' id='word_1_82' title='bbox 338 1098 402 1158; x_wconf 81' lang='lat' dir='ltr'>buco</span> <span class='ocrx_word' id='word_1_83' title='bbox 418 1117 484 1158; x_wconf 82' lang='lat' dir='ltr'>rere</span> <span class='ocrx_word' id='word_1_84' title='bbox 496 1101 602 1173; x_wconf 75' lang='lat' dir='ltr'>dilgia,</span> <span class='ocrx_word' id='word_1_85' title='bbox 620 1102 660 1158; x_wconf 89' lang='lat' dir='ltr'>ita</span> <span class='ocrx_word' id='word_1_86' title='bbox 675 1116 745 1159; x_wconf 82' lang='lat' dir='ltr'>vera</span> <span class='ocrx_word' id='word_1_87' title='bbox 752 1100 908 1158; x_wconf 80' lang='lat' dir='ltr'>dilectione</span> <span class='ocrx_word' id='word_1_88' title='bbox 925 1116 956 1157; x_wconf 90' lang='lat' dir='ltr'>se</span> <span class='ocrx_word' id='word_1_89' title='bbox 972 1116 1086 1171; x_wconf 87' lang='lat' dir='ltr'>quoque</span> <span class='ocrx_word' id='word_1_90' title='bbox 1101 1100 1210 1159; x_wconf 90' lang='lat' dir='ltr'>anobis</span> <span class='ocrx_word' id='word_1_91' title='bbox 1225 1117 1292 1174; x_wconf 89' lang='lat' dir='ltr'>pro-</span> 
     </span>
     <span class='ocr_line' id='line_1_10' title="bbox 121 1202 1292 1278; baseline -0.001 -16"><span class='ocrx_word' id='word_1_92' title='bbox 121 1207 201 1278; x_wconf 86' lang='lat' dir='ltr'>sequi</span> <span class='ocrx_word' id='word_1_93' title='bbox 216 1205 289 1263; x_wconf 69' lang='lat' dir='ltr'>uult.</span> <span class='ocrx_word' id='word_1_94' title='bbox 327 1205 374 1262; x_wconf 82' lang='lat' dir='ltr'>Ex</span> <span class='ocrx_word' id='word_1_95' title='bbox 388 1203 589 1263; x_wconf 75' lang='lat' dir='ltr'>obseruatione</span> <span class='ocrx_word' id='word_1_96' title='bbox 602 1211 700 1263; x_wconf 70' lang='lat' dir='ltr'>numm</span> <span class='ocrx_word' id='word_1_97' title='bbox 715 1221 823 1276; x_wconf 84' lang='lat' dir='ltr'>eornm,</span> <span class='ocrx_word' id='word_1_98' title='bbox 847 1220 911 1276; x_wconf 84' lang='lat' dir='ltr'>quae</span> <span class='ocrx_word' id='word_1_99' title='bbox 927 1202 1058 1262; x_wconf 83' lang='lat' dir='ltr'>Christus</span> <span class='ocrx_word' id='word_1_100' title='bbox 1073 1206 1220 1278; x_wconf 78' lang='lat' dir='ltr'>proecepit,</span> <span class='ocrx_word' id='word_1_101' title='bbox 1236 1221 1292 1263; x_wconf 92' lang='lat' dir='ltr'>non</span> 
     </span>
     <span class='ocr_line' id='line_1_11' title="bbox 120 1308 1293 1381; baseline -0.004 -11"><span class='ocrx_word' id='word_1_102' title='bbox 120 1311 269 1370; x_wconf 85' lang='lat' dir='ltr'>reddimur</span> <span class='ocrx_word' id='word_1_103' title='bbox 282 1311 367 1368; x_wconf 85' lang='lat' dir='ltr'>amici</span> <span class='ocrx_word' id='word_1_104' title='bbox 382 1310 497 1368; x_wconf 82' lang='lat' dir='ltr'>Christi.</span> <span class='ocrx_word' id='word_1_105' title='bbox 520 1311 594 1368; x_wconf 70' lang='lat' dir='ltr'>Nam</span> <span class='ocrx_word' id='word_1_106' title='bbox 607 1310 770 1369; x_wconf 88' lang='lat' dir='ltr'>observatio</span> <span class='ocrx_word' id='word_1_107' title='bbox 786 1310 847 1366; x_wconf 75' lang='lat' dir='ltr'>haec</span> <span class='ocrx_word' id='word_1_108' title='bbox 860 1309 973 1381; x_wconf 82' lang='lat' dir='ltr'>siguum</span> <span class='ocrx_word' id='word_1_109' title='bbox 985 1316 1041 1380; x_wconf 87' lang='lat' dir='ltr'>est,</span> <span class='ocrx_word' id='word_1_110' title='bbox 1058 1308 1135 1380; x_wconf 89' lang='lat' dir='ltr'>quod</span> <span class='ocrx_word' id='word_1_111' title='bbox 1149 1308 1293 1366; x_wconf 82' lang='lat' dir='ltr'>Christum</span> 
     </span>
     <span class='ocr_line' id='line_1_12' title="bbox 120 1413 1293 1488; baseline -0.002 -17"><span class='ocrx_word' id='word_1_112' title='bbox 120 1414 315 1488; x_wconf 86' lang='lat' dir='ltr'>redamemns,</span> <span class='ocrx_word' id='word_1_113' title='bbox 338 1415 461 1487; x_wconf 87' lang='lat' dir='ltr'>quinos</span> <span class='ocrx_word' id='word_1_114' title='bbox 483 1431 519 1472; x_wconf 82' lang='lat' dir='ltr'>ex</span> <span class='ocrx_word' id='word_1_115' title='bbox 533 1429 616 1472; x_wconf 88' lang='lat' dir='ltr'>mera</span> <span class='ocrx_word' id='word_1_116' title='bbox 634 1413 775 1471; x_wconf 83' lang='lat' dir='ltr'>charitate</span> <span class='ocrx_word' id='word_1_117' title='bbox 796 1419 826 1471; x_wconf 93' lang='lat' dir='ltr'>et</span> <span class='ocrx_word' id='word_1_118' title='bbox 838 1415 968 1485; x_wconf 77' lang='lat' dir='ltr'>gratuita</span> <span class='ocrx_word' id='word_1_119' title='bbox 990 1413 1187 1473; x_wconf 79' lang='lat' dir='ltr'>misericordia</span> <span class='ocrx_word' id='word_1_120' title='bbox 1208 1414 1293 1471; x_wconf 87' lang='lat' dir='ltr'>etiarn</span> 
     </span>
     <span class='ocr_line' id='line_1_13' title="bbox 120 1517 1293 1592; baseline -0.003 -16"><span class='ocrx_word' id='word_1_121' title='bbox 120 1525 188 1592; x_wconf 89' lang='lat' dir='ltr'>tum,</span> <span class='ocrx_word' id='word_1_122' title='bbox 206 1534 273 1576; x_wconf 89' lang='lat' dir='ltr'>cnm</span> <span class='ocrx_word' id='word_1_123' title='bbox 286 1517 385 1576; x_wconf 86' lang='lat' dir='ltr'>adbuc</span> <span class='ocrx_word' id='word_1_124' title='bbox 399 1519 485 1577; x_wconf 86' lang='lat' dir='ltr'>alieni</span> <span class='ocrx_word' id='word_1_125' title='bbox 497 1518 537 1577; x_wconf 90' lang='lat' dir='ltr'>ab</span> <span class='ocrx_word' id='word_1_126' title='bbox 551 1518 615 1590; x_wconf 91' lang='lat' dir='ltr'>ipso</span> <span class='ocrx_word' id='word_1_127' title='bbox 630 1520 660 1574; x_wconf 88' lang='lat' dir='ltr'>et</span> <span class='ocrx_word' id='word_1_128' title='bbox 675 1522 842 1589; x_wconf 85' lang='lat' dir='ltr'>peccatores</span> <span class='ocrx_word' id='word_1_129' title='bbox 854 1533 993 1588; x_wconf 85' lang='lat' dir='ltr'>essemus,</span> <span class='ocrx_word' id='word_1_130' title='bbox 1012 1518 1110 1576; x_wconf 80' lang='lat' dir='ltr'>dilexit</span> <span class='ocrx_word' id='word_1_131' title='bbox 1125 1526 1181 1576; x_wconf 69' lang='lat' dir='ltr'>etc,</span> <span class='ocrx_word' id='word_1_132' title='bbox 1219 1517 1293 1575; x_wconf 76' lang='lat' dir='ltr'>Nam</span> 
     </span>
     <span class='ocr_line' id='line_1_14' title="bbox 119 1621 1292 1695; baseline -0.002 -14"><span class='ocrx_word' id='word_1_133' title='bbox 119 1623 318 1683; x_wconf 79' lang='lat' dir='ltr'>filiusfamilias</span> <span class='ocrx_word' id='word_1_134' title='bbox 337 1641 400 1683; x_wconf 82' lang='lat' dir='ltr'>non</span> <span class='ocrx_word' id='word_1_135' title='bbox 418 1623 551 1682; x_wconf 89' lang='lat' dir='ltr'>redditur</span> <span class='ocrx_word' id='word_1_136' title='bbox 572 1621 648 1680; x_wconf 90' lang='lat' dir='ltr'>filius</span> <span class='ocrx_word' id='word_1_137' title='bbox 668 1639 705 1681; x_wconf 85' lang='lat' dir='ltr'>ex</span> <span class='ocrx_word' id='word_1_138' title='bbox 721 1621 908 1681; x_wconf 79' lang='lat' dir='ltr'>observantia</span> <span class='ocrx_word' id='word_1_139' title='bbox 928 1638 998 1695; x_wconf 76' lang='lat' dir='ltr'>erga</span> <span class='ocrx_word' id='word_1_140' title='bbox 1013 1628 1138 1694; x_wconf 83' lang='lat' dir='ltr'>patrem,</span> <span class='ocrx_word' id='word_1_141' title='bbox 1170 1622 1221 1679; x_wconf 86' lang='lat' dir='ltr'>sed</span> <span class='ocrx_word' id='word_1_142' title='bbox 1233 1625 1292 1695; x_wconf 88' lang='lat' dir='ltr'>jam</span> 
     </span>
     <span class='ocr_line' id='line_1_15' title="bbox 117 1724 1292 1802; baseline -0.002 -15"><span class='ocrx_word' id='word_1_143' title='bbox 117 1736 177 1787; x_wconf 88' lang='lat' dir='ltr'>tum</span> <span class='ocrx_word' id='word_1_144' title='bbox 191 1727 270 1787; x_wconf 84' lang='lat' dir='ltr'>filius</span> <span class='ocrx_word' id='word_1_145' title='bbox 285 1736 332 1788; x_wconf 84' lang='lat' dir='ltr'>est</span> <span class='ocrx_word' id='word_1_146' title='bbox 347 1735 377 1787; x_wconf 87' lang='lat' dir='ltr'>et</span> <span class='ocrx_word' id='word_1_147' title='bbox 400 1735 486 1802; x_wconf 90' lang='lat' dir='ltr'>pater</span> <span class='ocrx_word' id='word_1_148' title='bbox 501 1744 566 1787; x_wconf 90' lang='lat' dir='ltr'>eum</span> <span class='ocrx_word' id='word_1_149' title='bbox 580 1744 635 1801; x_wconf 90' lang='lat' dir='ltr'>pro</span> <span class='ocrx_word' id='word_1_150' title='bbox 649 1724 708 1784; x_wconf 91' lang='lat' dir='ltr'>filio</span> <span class='ocrx_word' id='word_1_151' title='bbox 724 1725 811 1783; x_wconf 85' lang='lat' dir='ltr'>ducit</span> <span class='ocrx_word' id='word_1_152' title='bbox 850 1726 940 1783; x_wconf 87' lang='lat' dir='ltr'>Filius</span> <span class='ocrx_word' id='word_1_153' title='bbox 960 1732 1055 1784; x_wconf 88' lang='lat' dir='ltr'>autem</span> <span class='ocrx_word' id='word_1_154' title='bbox 1071 1727 1125 1784; x_wconf 88' lang='lat' dir='ltr'>hac</span> <span class='ocrx_word' id='word_1_155' title='bbox 1140 1727 1292 1785; x_wconf 82' lang='lat' dir='ltr'>obsecrau-</span> 
     </span>
     <span class='ocr_line' id='line_1_16' title="bbox 120 1831 1294 1906; baseline -0.003 -13"><span class='ocrx_word' id='word_1_156' title='bbox 120 1835 159 1893; x_wconf 87' lang='lat' dir='ltr'>tia</span> <span class='ocrx_word' id='word_1_157' title='bbox 173 1850 206 1892; x_wconf 86' lang='lat' dir='ltr'>se</span> <span class='ocrx_word' id='word_1_158' title='bbox 221 1840 335 1906; x_wconf 86' lang='lat' dir='ltr'>patrem</span> <span class='ocrx_word' id='word_1_159' title='bbox 356 1833 480 1905; x_wconf 81' lang='lat' dir='ltr'>diligero</span> <span class='ocrx_word' id='word_1_160' title='bbox 501 1832 626 1889; x_wconf 88' lang='lat' dir='ltr'>ostendit</span> <span class='ocrx_word' id='word_1_161' title='bbox 641 1838 694 1889; x_wconf 87' lang='lat' dir='ltr'>etc.</span> <span class='ocrx_word' id='word_1_162' title='bbox 734 1831 818 1901; x_wconf 87' lang='lat' dir='ltr'>Quod</span> <span class='ocrx_word' id='word_1_163' title='bbox 837 1846 951 1903; x_wconf 86' lang='lat' dir='ltr'>quoquc</span> <span class='ocrx_word' id='word_1_164' title='bbox 975 1847 1010 1888; x_wconf 83' lang='lat' dir='ltr'>ex</span> <span class='ocrx_word' id='word_1_165' title='bbox 1034 1832 1080 1888; x_wconf 88' lang='lat' dir='ltr'>illo</span> <span class='ocrx_word' id='word_1_166' title='bbox 1103 1837 1193 1904; x_wconf 83' lang='lat' dir='ltr'>patet,</span> <span class='ocrx_word' id='word_1_167' title='bbox 1217 1832 1294 1903; x_wconf 87' lang='lat' dir='ltr'>quod</span> 
     </span>
     <span class='ocr_line' id='line_1_17' title="bbox 120 1935 1293 2009; baseline -0.003 -12"><span class='ocrx_word' id='word_1_168' title='bbox 120 1939 250 1997; x_wconf 79' lang='lat' dir='ltr'>Christus</span> <span class='ocrx_word' id='word_1_169' title='bbox 258 1937 332 1995; x_wconf 84' lang='lat' dir='ltr'>dicit</span> <span class='ocrx_word' id='word_1_170' title='bbox 342 1937 464 2009; x_wconf 78' lang='lat' dir='ltr'>»estis«,</span> <span class='ocrx_word' id='word_1_171' title='bbox 476 1954 533 1994; x_wconf 92' lang='lat' dir='ltr'>non</span> <span class='ocrx_word' id='word_1_172' title='bbox 544 1937 677 1995; x_wconf 80' lang='lat' dir='ltr'>»eritis«.</span> <span class='ocrx_word' id='word_1_173' title='bbox 694 1936 768 1994; x_wconf 82' lang='lat' dir='ltr'>Nam</span> <span class='ocrx_word' id='word_1_174' title='bbox 780 1938 804 1993; x_wconf 90' lang='lat' dir='ltr'>si</span> <span class='ocrx_word' id='word_1_175' title='bbox 815 1952 884 1994; x_wconf 78' lang='lat' dir='ltr'>scra</span> <span class='ocrx_word' id='word_1_176' title='bbox 897 1936 1049 1994; x_wconf 86' lang='lat' dir='ltr'>dilectione</span> <span class='ocrx_word' id='word_1_177' title='bbox 1059 1935 1203 1993; x_wconf 86' lang='lat' dir='ltr'>Christum</span> <span class='ocrx_word' id='word_1_178' title='bbox 1215 1953 1293 1993; x_wconf 81' lang='lat' dir='ltr'>anua·</span> 
     </span>
     <span class='ocr_line' id='line_1_18' title="bbox 122 2039 1294 2117; baseline -0.004 -14"><span class='ocrx_word' id='word_1_179' title='bbox 122 2046 258 2117; x_wconf 73' lang='lat' dir='ltr'>remmus,</span> <span class='ocrx_word' id='word_1_180' title='bbox 277 2039 406 2115; x_wconf 84' lang='lat' dir='ltr'>profecto</span> <span class='ocrx_word' id='word_1_181' title='bbox 422 2040 483 2097; x_wconf 86' lang='lat' dir='ltr'>haec</span> <span class='ocrx_word' id='word_1_182' title='bbox 499 2040 613 2099; x_wconf 89' lang='lat' dir='ltr'>dilectio</span> <span class='ocrx_word' id='word_1_183' title='bbox 629 2058 687 2099; x_wconf 91' lang='lat' dir='ltr'>non</span> <span class='ocrx_word' id='word_1_184' title='bbox 703 2043 759 2098; x_wconf 90' lang='lat' dir='ltr'>erit</span> <span class='ocrx_word' id='word_1_185' title='bbox 773 2046 895 2113; x_wconf 62' lang='lat' dir='ltr'>mortua,</span> <span class='ocrx_word' id='word_1_186' title='bbox 912 2040 963 2099; x_wconf 92' lang='lat' dir='ltr'>scd</span> <span class='ocrx_word' id='word_1_187' title='bbox 978 2041 1039 2098; x_wconf 84' lang='lat' dir='ltr'>roci</span> <span class='ocrx_word' id='word_1_188' title='bbox 1054 2040 1162 2098; x_wconf 80' lang='lat' dir='ltr'>Cluisti</span> <span class='ocrx_word' id='word_1_189' title='bbox 1175 2041 1294 2099; x_wconf 81' lang='lat' dir='ltr'>obedire</span> 
     </span>
     <span class='ocr_line' id='line_1_19' title="bbox 119 2145 1293 2223; baseline -0.004 -15"><span class='ocrx_word' id='word_1_190' title='bbox 119 2156 241 2223; x_wconf 78' lang='lat' dir='ltr'>sataget</span> <span class='ocrx_word' id='word_1_191' title='bbox 281 2146 367 2218; x_wconf 81' lang='lat' dir='ltr'>Quod</span> <span class='ocrx_word' id='word_1_192' title='bbox 383 2162 452 2205; x_wconf 76' lang='lat' dir='ltr'>sero</span> <span class='ocrx_word' id='word_1_193' title='bbox 464 2146 550 2218; x_wconf 78' lang='lat' dir='ltr'>dixit,</span> <span class='ocrx_word' id='word_1_194' title='bbox 564 2145 686 2218; x_wconf 87' lang='lat' dir='ltr'>posthac</span> <span class='ocrx_word' id='word_1_195' title='bbox 699 2162 752 2204; x_wconf 79' lang='lat' dir='ltr'>ros</span> <span class='ocrx_word' id='word_1_196' title='bbox 767 2162 824 2204; x_wconf 93' lang='lat' dir='ltr'>non</span> <span class='ocrx_word' id='word_1_197' title='bbox 835 2146 903 2204; x_wconf 86' lang='lat' dir='ltr'>dico</span> <span class='ocrx_word' id='word_1_198' title='bbox 919 2161 1017 2203; x_wconf 73' lang='lat' dir='ltr'>seruos</span> <span class='ocrx_word' id='word_1_199' title='bbox 1033 2154 1097 2217; x_wconf 68' lang='lat' dir='ltr'>etc„</span> <span class='ocrx_word' id='word_1_200' title='bbox 1119 2152 1163 2204; x_wconf 89' lang='lat' dir='ltr'>est</span> <span class='ocrx_word' id='word_1_201' title='bbox 1178 2147 1293 2205; x_wconf 90' lang='lat' dir='ltr'>innnen·</span> 
     </span>
     <span class='ocr_line' id='line_1_20' title="bbox 118 2236 1293 2325; baseline -0.002 -14"><span class='ocrx_word' id='word_1_202' title='bbox 118 2271 158 2311; x_wconf 87' lang='lat' dir='ltr'>sae</span> <span class='ocrx_word' id='word_1_203' title='bbox 172 2252 311 2311; x_wconf 80' lang='lat' dir='ltr'>bonitat‘as</span> <span class='ocrx_word' id='word_1_204' title='bbox 323 2250 431 2309; x_wconf 81' lang='lat' dir='ltr'>Christi</span> <span class='ocrx_word' id='word_1_205' title='bbox 440 2268 512 2323; x_wconf 80' lang='lat' dir='ltr'>erga</span> <span class='ocrx_word' id='word_1_206' title='bbox 527 2267 580 2310; x_wconf 90' lang='lat' dir='ltr'>nos</span> <span class='ocrx_word' id='word_1_207' title='bbox 595 2252 714 2309; x_wconf 90' lang='lat' dir='ltr'>miseros</span> <span class='ocrx_word' id='word_1_208' title='bbox 729 2236 898 2310; x_wconf 75' lang='lat' dir='ltr'>uentriculos</span> <span class='ocrx_word' id='word_1_209' title='bbox 913 2251 1058 2325; x_wconf 84' lang='lat' dir='ltr'>iudicium,</span> <span class='ocrx_word' id='word_1_210' title='bbox 1074 2268 1137 2308; x_wconf 91' lang='lat' dir='ltr'>cum</span> <span class='ocrx_word' id='word_1_211' title='bbox 1154 2253 1293 2310; x_wconf 84' lang='lat' dir='ltr'>uoslleus</span> 
     </span>
     <span class='ocr_line' id='line_1_21' title="bbox 119 2356 1292 2429; baseline -0.002 -13"><span class='ocrx_word' id='word_1_212' title='bbox 119 2366 149 2417; x_wconf 90' lang='lat' dir='ltr'>et</span> <span class='ocrx_word' id='word_1_213' title='bbox 162 2375 216 2416; x_wconf 89' lang='lat' dir='ltr'>rex</span> <span class='ocrx_word' id='word_1_214' title='bbox 230 2356 297 2415; x_wconf 82' lang='lat' dir='ltr'>coeli</span> <span class='ocrx_word' id='word_1_215' title='bbox 312 2362 343 2414; x_wconf 88' lang='lat' dir='ltr'>et</span> <span class='ocrx_word' id='word_1_216' title='bbox 355 2360 445 2413; x_wconf 78' lang='lat' dir='ltr'>terra</span> <span class='ocrx_word' id='word_1_217' title='bbox 466 2356 575 2412; x_wconf 80' lang='lat' dir='ltr'>anticos</span> <span class='ocrx_word' id='word_1_218' title='bbox 594 2361 693 2428; x_wconf 80' lang='lat' dir='ltr'>uocat,</span> <span class='ocrx_word' id='word_1_219' title='bbox 709 2356 761 2428; x_wconf 76' lang='lat' dir='ltr'>oui</span> <span class='ocrx_word' id='word_1_220' title='bbox 786 2372 822 2414; x_wconf 94' lang='lat' dir='ltr'>ne</span> <span class='ocrx_word' id='word_1_221' title='bbox 837 2357 913 2413; x_wconf 75' lang='lat' dir='ltr'>semi</span> <span class='ocrx_word' id='word_1_222' title='bbox 933 2357 1047 2427; x_wconf 87' lang='lat' dir='ltr'>quidem</span> <span class='ocrx_word' id='word_1_223' title='bbox 1065 2359 1141 2415; x_wconf 82' lang='lat' dir='ltr'>tanti</span> <span class='ocrx_word' id='word_1_224' title='bbox 1156 2358 1292 2429; x_wconf 73' lang='lat' dir='ltr'>principis</span> 
     </span>
     <span class='ocr_line' id='line_1_22' title="bbox 119 2460 1292 2533; baseline -0.003 -12"><span class='ocrx_word' id='word_1_225' title='bbox 119 2478 182 2521; x_wconf 84' lang='lat' dir='ltr'>esse</span> <span class='ocrx_word' id='word_1_226' title='bbox 195 2478 368 2520; x_wconf 74' lang='lat' dir='ltr'>mereamim.</span> <span class='ocrx_word' id='word_1_227' title='bbox 384 2460 484 2519; x_wconf 89' lang='lat' dir='ltr'>Simile</span> <span class='ocrx_word' id='word_1_228' title='bbox 496 2468 544 2519; x_wconf 90' lang='lat' dir='ltr'>cst</span> <span class='ocrx_word' id='word_1_229' title='bbox 556 2468 585 2519; x_wconf 90' lang='lat' dir='ltr'>et</span> <span class='ocrx_word' id='word_1_230' title='bbox 599 2462 662 2533; x_wconf 87' lang='lat' dir='ltr'>hoo,</span> <span class='ocrx_word' id='word_1_231' title='bbox 680 2461 757 2533; x_wconf 90' lang='lat' dir='ltr'>quod</span> <span class='ocrx_word' id='word_1_232' title='bbox 772 2461 848 2518; x_wconf 90' lang='lat' dir='ltr'>idem</span> <span class='ocrx_word' id='word_1_233' title='bbox 861 2461 997 2518; x_wconf 89' lang='lat' dir='ltr'>dominus</span> <span class='ocrx_word' id='word_1_234' title='bbox 1012 2460 1090 2533; x_wconf 85' lang='lat' dir='ltr'>dicit,</span> <span class='ocrx_word' id='word_1_235' title='bbox 1106 2478 1219 2519; x_wconf 83' lang='lat' dir='ltr'>serrum</span> <span class='ocrx_word' id='word_1_236' title='bbox 1235 2479 1292 2521; x_wconf 91' lang='lat' dir='ltr'>non</span> 
     </span>
     <span class='ocr_line' id='line_1_23' title="bbox 72 2566 1293 2638; baseline -0.001 -12"><span class='ocrx_word' id='word_1_237' title='bbox 72 2570 74 2577; x_wconf 90' lang='lat'>&#39;</span> <span class='ocrx_word' id='word_1_238' title='bbox 120 2569 190 2626; x_wconf 89' lang='lat' dir='ltr'>scire</span> <span class='ocrx_word' id='word_1_239' title='bbox 206 2568 384 2626; x_wconf 78' lang='lat' dir='ltr'>uoluntatem</span> <span class='ocrx_word' id='word_1_240' title='bbox 411 2567 533 2637; x_wconf 89' lang='lat' dir='ltr'>domini,</span> <span class='ocrx_word' id='word_1_241' title='bbox 558 2572 589 2625; x_wconf 88' lang='lat' dir='ltr'>at</span> <span class='ocrx_word' id='word_1_242' title='bbox 610 2584 642 2625; x_wconf 90' lang='lat' dir='ltr'>se</span> <span class='ocrx_word' id='word_1_243' title='bbox 660 2566 805 2638; x_wconf 90' lang='lat' dir='ltr'>discipulis</span> <span class='ocrx_word' id='word_1_244' title='bbox 827 2567 1002 2623; x_wconf 73' lang='lat' dir='ltr'>uoluntatem</span> <span class='ocrx_word' id='word_1_245' title='bbox 1025 2571 1055 2622; x_wconf 91' lang='lat' dir='ltr'>et</span> <span class='ocrx_word' id='word_1_246' title='bbox 1069 2567 1177 2636; x_wconf 78' lang='lat' dir='ltr'>oninia,</span> <span class='ocrx_word' id='word_1_247' title='bbox 1194 2582 1293 2637; x_wconf 87' lang='lat' dir='ltr'>quaea</span> 
     </span>
     <span class='ocr_line' id='line_1_24' title="bbox 72 2667 1292 2761; baseline -0.005 -29"><span class='ocrx_word' id='word_1_248' title='bbox 72 2736 75 2761; x_wconf 45' lang='grc' dir='ltr'>ι</span> <span class='ocrx_word' id='word_1_249' title='bbox 120 2679 200 2746; x_wconf 88' lang='lat' dir='ltr'>patre</span> <span class='ocrx_word' id='word_1_250' title='bbox 215 2672 369 2744; x_wconf 87' lang='lat' dir='ltr'>acceperit,</span> <span class='ocrx_word' id='word_1_251' title='bbox 385 2671 583 2730; x_wconf 75' lang='lat' dir='ltr'>annuntiasse.</span> <span class='ocrx_word' id='word_1_252' title='bbox 627 2672 681 2728; x_wconf 85' lang='lat' dir='ltr'>llic</span> <span class='ocrx_word' id='word_1_253' title='bbox 695 2670 844 2728; x_wconf 83' lang='lat' dir='ltr'>Masculus</span> <span class='ocrx_word' id='word_1_254' title='bbox 862 2667 962 2727; x_wconf 88' lang='lat' dir='ltr'>docuit</span> <span class='ocrx_word' id='word_1_255' title='bbox 976 2670 1056 2727; x_wconf 80' lang='lat' dir='ltr'>verbi</span> <span class='ocrx_word' id='word_1_256' title='bbox 1076 2667 1163 2727; x_wconf 83' lang='lat' dir='ltr'>diuini</span> <span class='ocrx_word' id='word_1_257' title='bbox 1178 2668 1292 2726; x_wconf 91' lang='lat' dir='ltr'>auditus</span> 
     </span>
     <span class='ocr_line' id='line_1_25' title="bbox 118 2773 1293 2849; baseline -0.003 -14"><span class='ocrx_word' id='word_1_258' title='bbox 118 2793 202 2849; x_wconf 80' lang='lat' dir='ltr'>quam</span> <span class='ocrx_word' id='word_1_259' title='bbox 218 2776 399 2834; x_wconf 82' lang='lat' dir='ltr'>necessarius</span> <span class='ocrx_word' id='word_1_260' title='bbox 413 2774 461 2831; x_wconf 79' lang='lat' dir='ltr'>sit</span> <span class='ocrx_word' id='word_1_261' title='bbox 498 2776 572 2833; x_wconf 87' lang='lat' dir='ltr'>Item</span> <span class='ocrx_word' id='word_1_262' title='bbox 594 2790 681 2847; x_wconf 85' lang='lat' dir='ltr'>quam</span> <span class='ocrx_word' id='word_1_263' title='bbox 696 2774 824 2832; x_wconf 84' lang='lat' dir='ltr'>salutare</span> <span class='ocrx_word' id='word_1_264' title='bbox 848 2774 913 2846; x_wconf 86' lang='lat' dir='ltr'>sit,.</span> <span class='ocrx_word' id='word_1_265' title='bbox 924 2774 998 2830; x_wconf 90' lang='lat' dir='ltr'>hanc</span> <span class='ocrx_word' id='word_1_266' title='bbox 1013 2774 1101 2844; x_wconf 87' lang='lat' dir='ltr'>patris</span> <span class='ocrx_word' id='word_1_267' title='bbox 1117 2773 1293 2831; x_wconf 82' lang='lat' dir='ltr'>voluntatem</span> 
     </span>
     <span class='ocr_line' id='line_1_26' title="bbox 118 2877 1290 2952; baseline -0.003 -14"><span class='ocrx_word' id='word_1_268' title='bbox 118 2879 262 2952; x_wconf 85' lang='lat' dir='ltr'>didicisse,</span> <span class='ocrx_word' id='word_1_269' title='bbox 278 2885 309 2938; x_wconf 87' lang='lat' dir='ltr'>et</span> <span class='ocrx_word' id='word_1_270' title='bbox 323 2878 402 2951; x_wconf 86' lang='lat' dir='ltr'>quod</span> <span class='ocrx_word' id='word_1_271' title='bbox 416 2878 479 2935; x_wconf 80' lang='lat' dir='ltr'>haec</span> <span class='ocrx_word' id='word_1_272' title='bbox 498 2878 627 2936; x_wconf 74' lang='lat' dir='ltr'>noluntas</span> <span class='ocrx_word' id='word_1_273' title='bbox 642 2879 757 2936; x_wconf 91' lang='lat' dir='ltr'>minime</span> <span class='ocrx_word' id='word_1_274' title='bbox 770 2883 822 2936; x_wconf 88' lang='lat' dir='ltr'>aut</span> <span class='ocrx_word' id='word_1_275' title='bbox 833 2895 867 2935; x_wconf 84' lang='lat' dir='ltr'>ex</span> <span class='ocrx_word' id='word_1_276' title='bbox 878 2877 1036 2949; x_wconf 89' lang='lat' dir='ltr'>parietibus</span> <span class='ocrx_word' id='word_1_277' title='bbox 1046 2878 1128 2951; x_wconf 86' lang='lat' dir='ltr'>pictis</span> <span class='ocrx_word' id='word_1_278' title='bbox 1144 2885 1195 2937; x_wconf 89' lang='lat' dir='ltr'>ant</span> <span class='ocrx_word' id='word_1_279' title='bbox 1209 2879 1290 2936; x_wconf 82' lang='lat' dir='ltr'>annili-</span> 
     </span>
     <span class='ocr_line' id='line_1_27' title="bbox 118 2981 1292 3056; baseline -0.006 -11"><span class='ocrx_word' id='word_1_280' title='bbox 118 2986 170 3045; x_wconf 87' lang='lat' dir='ltr'>bus</span> <span class='ocrx_word' id='word_1_281' title='bbox 183 2984 300 3056; x_wconf 63' lang='lat' dir='ltr'>fabulis</span> <span class='ocrx_word' id='word_1_282' title='bbox 316 2982 369 3042; x_wconf 82' lang='lat' dir='ltr'>sed</span> <span class='ocrx_word' id='word_1_283' title='bbox 385 2999 421 3040; x_wconf 84' lang='lat' dir='ltr'>ex</span> <span class='ocrx_word' id='word_1_284' title='bbox 438 2981 540 3041; x_wconf 86' lang='lat' dir='ltr'>auditu</span> <span class='ocrx_word' id='word_1_285' title='bbox 554 2983 696 3055; x_wconf 79' lang='lat' dir='ltr'>evangelii</span> <span class='ocrx_word' id='word_1_286' title='bbox 709 2989 741 3041; x_wconf 91' lang='lat' dir='ltr'>et</span> <span class='ocrx_word' id='word_1_287' title='bbox 755 2983 850 3041; x_wconf 90' lang='lat' dir='ltr'>bibliis</span> <span class='ocrx_word' id='word_1_288' title='bbox 866 2983 955 3039; x_wconf 84' lang='lat' dir='ltr'>sacris</span> <span class='ocrx_word' id='word_1_289' title='bbox 971 2981 1128 3053; x_wconf 86' lang='lat' dir='ltr'>quaerenda</span> <span class='ocrx_word' id='word_1_290' title='bbox 1143 2985 1188 3040; x_wconf 91' lang='lat' dir='ltr'>sit.</span> <span class='ocrx_word' id='word_1_291' title='bbox 1219 2984 1292 3041; x_wconf 88' lang='lat' dir='ltr'>ltem</span> 
     </span>
     <span class='ocr_line' id='line_1_28' title="bbox 118 3085 1292 3163; baseline -0.003 -14"><span class='ocrx_word' id='word_1_292' title='bbox 118 3090 195 3163; x_wconf 81' lang='lat' dir='ltr'>quod</span> <span class='ocrx_word' id='word_1_293' title='bbox 212 3104 273 3148; x_wconf 89' lang='lat' dir='ltr'>non</span> <span class='ocrx_word' id='word_1_294' title='bbox 286 3086 412 3145; x_wconf 83' lang='lat' dir='ltr'>sufficiat</span> <span class='ocrx_word' id='word_1_295' title='bbox 434 3087 510 3145; x_wconf 86' lang='lat' dir='ltr'>hanc</span> <span class='ocrx_word' id='word_1_296' title='bbox 528 3088 695 3160; x_wconf 82' lang='lat' dir='ltr'>cognovisse</span> <span class='ocrx_word' id='word_1_297' title='bbox 716 3091 744 3143; x_wconf 94' lang='lat' dir='ltr'>et</span> <span class='ocrx_word' id='word_1_298' title='bbox 760 3087 847 3156; x_wconf 85' lang='lat' dir='ltr'>sciro,</span> <span class='ocrx_word' id='word_1_299' title='bbox 872 3085 922 3143; x_wconf 90' lang='lat' dir='ltr'>sed</span> <span class='ocrx_word' id='word_1_300' title='bbox 945 3090 976 3142; x_wconf 94' lang='lat' dir='ltr'>ut</span> <span class='ocrx_word' id='word_1_301' title='bbox 992 3103 1053 3143; x_wconf 90' lang='lat' dir='ltr'>eam</span> <span class='ocrx_word' id='word_1_302' title='bbox 1070 3103 1158 3160; x_wconf 89' lang='lat' dir='ltr'>opere</span> <span class='ocrx_word' id='word_1_303' title='bbox 1173 3088 1292 3160; x_wconf 83' lang='lat' dir='ltr'>implere</span> 
     </span>
     <span class='ocr_line' id='line_1_29' title="bbox 119 3188 1291 3267; baseline -0.005 -13"><span class='ocrx_word' id='word_1_304' title='bbox 119 3211 268 3267; x_wconf 87' lang='lat' dir='ltr'>conemur,</span> <span class='ocrx_word' id='word_1_305' title='bbox 281 3194 367 3267; x_wconf 86' lang='lat' dir='ltr'>juxta</span> <span class='ocrx_word' id='word_1_306' title='bbox 381 3192 469 3263; x_wconf 87' lang='lat' dir='ltr'>illud,</span> <span class='ocrx_word' id='word_1_307' title='bbox 488 3206 607 3249; x_wconf 82' lang='lat' dir='ltr'>»servus</span> <span class='ocrx_word' id='word_1_308' title='bbox 623 3192 715 3248; x_wconf 89' lang='lat' dir='ltr'>sciens</span> <span class='ocrx_word' id='word_1_309' title='bbox 736 3191 909 3247; x_wconf 76' lang='lat' dir='ltr'>voluntatem</span> <span class='ocrx_word' id='word_1_310' title='bbox 933 3189 1040 3247; x_wconf 92' lang='lat' dir='ltr'>domini</span> <span class='ocrx_word' id='word_1_311' title='bbox 1061 3197 1090 3247; x_wconf 87' lang='lat' dir='ltr'>ct</span> <span class='ocrx_word' id='word_1_312' title='bbox 1112 3208 1169 3248; x_wconf 92' lang='lat' dir='ltr'>non</span> <span class='ocrx_word' id='word_1_313' title='bbox 1184 3188 1291 3249; x_wconf 84' lang='lat' dir='ltr'>iaciens</span> 
     </span>
     <span class='ocr_line' id='line_1_30' title="bbox 121 3293 1292 3373; baseline -0.007 -14"><span class='ocrx_word' id='word_1_314' title='bbox 121 3301 210 3373; x_wconf 77' lang='lat' dir='ltr'>plagis</span> <span class='ocrx_word' id='word_1_315' title='bbox 225 3297 323 3355; x_wconf 90' lang='lat' dir='ltr'>multis</span> <span class='ocrx_word' id='word_1_316' title='bbox 340 3295 519 3369; x_wconf 74' lang='lat' dir='ltr'>vapulabit«</span> <span class='ocrx_word' id='word_1_317' title='bbox 537 3296 609 3352; x_wconf 91' lang='lat' dir='ltr'>ltcm</span> <span class='ocrx_word' id='word_1_318' title='bbox 626 3293 741 3366; x_wconf 86' lang='lat' dir='ltr'>quodsi</span> <span class='ocrx_word' id='word_1_319' title='bbox 757 3295 820 3364; x_wconf 88' lang='lat' dir='ltr'>quis</span> <span class='ocrx_word' id='word_1_320' title='bbox 835 3310 887 3365; x_wconf 90' lang='lat' dir='ltr'>per</span> <span class='ocrx_word' id='word_1_321' title='bbox 904 3294 1041 3351; x_wconf 82' lang='lat' dir='ltr'>incuriam</span> <span class='ocrx_word' id='word_1_322' title='bbox 1051 3294 1130 3352; x_wconf 79' lang='lat' dir='ltr'>uerbi</span> <span class='ocrx_word' id='word_1_323' title='bbox 1146 3309 1292 3365; x_wconf 73' lang='lat' dir='ltr'>precones</span> 
     </span>
     <span class='ocr_line' id='line_1_31' title="bbox 122 3378 1292 3481; baseline -0.009 -17"><span class='ocrx_word' id='word_1_324' title='bbox 122 3406 219 3481; x_wconf 71' lang='lat' dir='ltr'>rodhe</span> <span class='ocrx_word' id='word_1_325' title='bbox 234 3402 335 3473; x_wconf 88' lang='lat' dir='ltr'>nollet,</span> <span class='ocrx_word' id='word_1_326' title='bbox 352 3406 382 3459; x_wconf 89' lang='lat' dir='ltr'>et</span> <span class='ocrx_word' id='word_1_327' title='bbox 395 3378 493 3458; x_wconf 79' lang='lat' dir='ltr'>tumen</span> <span class='ocrx_word' id='word_1_328' title='bbox 507 3400 698 3473; x_wconf 73' lang='lat' dir='ltr'>ignorantiam</span> <span class='ocrx_word' id='word_1_329' title='bbox 714 3397 894 3470; x_wconf 76' lang='lat' dir='ltr'>praetendere</span> <span class='ocrx_word' id='word_1_330' title='bbox 909 3398 987 3470; x_wconf 78' lang='lat' dir='ltr'>velit,</span> <span class='ocrx_word' id='word_1_331' title='bbox 1011 3399 1085 3455; x_wconf 84' lang='lat' dir='ltr'>hunc</span> <span class='ocrx_word' id='word_1_332' title='bbox 1100 3398 1292 3470; x_wconf 75' lang='lat' dir='ltr'>ignorantiam</span> 
     </span>
     <span class='ocr_line' id='line_1_32' title="bbox 125 3500 1291 3567; baseline -0.008 1"><span class='ocrx_word' id='word_1_333' title='bbox 125 3522 175 3567; x_wconf 79' lang='lat' dir='ltr'>ton</span> <span class='ocrx_word' id='word_1_334' title='bbox 188 3521 338 3567; x_wconf 84' lang='lat' dir='ltr'>excusare.</span> <span class='ocrx_word' id='word_1_335' title='bbox 374 3503 431 3562; x_wconf 86' lang='lat' dir='ltr'>Hic</span> <span class='ocrx_word' id='word_1_336' title='bbox 445 3508 541 3562; x_wconf 87' lang='lat' dir='ltr'>autem</span> <span class='ocrx_word' id='word_1_337' title='bbox 556 3504 660 3561; x_wconf 87' lang='lat' dir='ltr'>seriam</span> <span class='ocrx_word' id='word_1_338' title='bbox 676 3502 896 3561; x_wconf 90' lang='lat' dir='ltr'>admonitionem</span> <span class='ocrx_word' id='word_1_339' title='bbox 911 3500 948 3558; x_wconf 91' lang='lat' dir='ltr'>ad</span> <span class='ocrx_word' id='word_1_340' title='bbox 964 3518 1031 3559; x_wconf 89' lang='lat' dir='ltr'>oves</span> <span class='ocrx_word' id='word_1_341' title='bbox 1048 3518 1107 3558; x_wconf 72' lang='lat' dir='ltr'>succ</span> <span class='ocrx_word' id='word_1_342' title='bbox 1124 3519 1200 3559; x_wconf 83' lang='lat' dir='ltr'>curae</span> <span class='ocrx_word' id='word_1_343' title='bbox 1217 3520 1291 3561; x_wconf 82' lang='lat' dir='ltr'>ooni-</span> 
     </span>
     <span class='ocr_line' id='line_1_33' title="bbox 128 3605 1290 3681; baseline -0.007 -8"><span class='ocrx_word' id='word_1_344' title='bbox 128 3614 218 3673; x_wconf 84' lang='lat' dir='ltr'>uiesas</span> <span class='ocrx_word' id='word_1_345' title='bbox 232 3611 384 3671; x_wconf 83' lang='lat' dir='ltr'>Masculus</span> <span class='ocrx_word' id='word_1_346' title='bbox 398 3608 509 3681; x_wconf 86' lang='lat' dir='ltr'>babuit,</span> <span class='ocrx_word' id='word_1_347' title='bbox 525 3609 635 3666; x_wconf 67' lang='lat' dir='ltr'>macrim</span> <span class='ocrx_word' id='word_1_348' title='bbox 659 3607 786 3677; x_wconf 73' lang='lat' dir='ltr'>Maiores</span> <span class='ocrx_word' id='word_1_349' title='bbox 803 3605 894 3663; x_wconf 88' lang='lat' dir='ltr'>nostri</span> <span class='ocrx_word' id='word_1_350' title='bbox 909 3606 998 3663; x_wconf 84' lang='lat' dir='ltr'>zelum</span> <span class='ocrx_word' id='word_1_351' title='bbox 1014 3606 1177 3665; x_wconf 89' lang='lat' dir='ltr'>habuerunt</span> <span class='ocrx_word' id='word_1_352' title='bbox 1192 3625 1227 3665; x_wconf 86' lang='lat' dir='ltr'>ca</span> <span class='ocrx_word' id='word_1_353' title='bbox 1248 3607 1290 3666; x_wconf 87' lang='lat' dir='ltr'>fa-</span> 
     </span>
     <span class='ocr_line' id='line_1_34' title="bbox 130 3709 1292 3792; baseline -0.005 -19"><span class='ocrx_word' id='word_1_354' title='bbox 130 3718 227 3792; x_wconf 74' lang='lat' dir='ltr'>coum,</span> <span class='ocrx_word' id='word_1_355' title='bbox 250 3732 317 3789; x_wconf 79' lang='lat' dir='ltr'>quae</span> <span class='ocrx_word' id='word_1_356' title='bbox 341 3715 396 3786; x_wconf 93' lang='lat' dir='ltr'>ipsi</span> <span class='ocrx_word' id='word_1_357' title='bbox 418 3712 513 3772; x_wconf 89' lang='lat' dir='ltr'>edocti</span> <span class='ocrx_word' id='word_1_358' title='bbox 536 3720 632 3786; x_wconf 75' lang='lat' dir='ltr'>erant,</span> <span class='ocrx_word' id='word_1_359' title='bbox 656 3729 718 3769; x_wconf 90' lang='lat' dir='ltr'>cmn</span> <span class='ocrx_word' id='word_1_360' title='bbox 741 3716 836 3767; x_wconf 91' lang='lat' dir='ltr'>tamen</span> <span class='ocrx_word' id='word_1_361' title='bbox 860 3709 922 3766; x_wconf 85' lang='lat' dir='ltr'>haec</span> <span class='ocrx_word' id='word_1_362' title='bbox 941 3711 1072 3768; x_wconf 80' lang='lat' dir='ltr'>voluntas</span> <span class='ocrx_word' id='word_1_363' title='bbox 1088 3712 1142 3769; x_wconf 83' lang='lat' dir='ltr'>Ilei</span> <span class='ocrx_word' id='word_1_364' title='bbox 1163 3712 1219 3768; x_wconf 87' lang='lat' dir='ltr'>ihis</span> <span class='ocrx_word' id='word_1_365' title='bbox 1235 3729 1292 3768; x_wconf 92' lang='lat' dir='ltr'>non</span> 
     </span>
     <span class='ocr_line' id='line_1_35' title="bbox 135 3814 1290 3890; baseline -0.008 -10"><span class='ocrx_word' id='word_1_366' title='bbox 135 3819 193 3880; x_wconf 83' lang='lat' dir='ltr'>tdco</span> <span class='ocrx_word' id='word_1_367' title='bbox 207 3817 334 3878; x_wconf 90' lang='lat' dir='ltr'>dilucide</span> <span class='ocrx_word' id='word_1_368' title='bbox 349 3834 382 3876; x_wconf 89' lang='lat' dir='ltr'>ao</span> <span class='ocrx_word' id='word_1_369' title='bbox 397 3817 480 3875; x_wconf 88' lang='lat' dir='ltr'>nobis</span> <span class='ocrx_word' id='word_1_370' title='bbox 491 3818 552 3890; x_wconf 90' lang='lat' dir='ltr'>jam</span> <span class='ocrx_word' id='word_1_371' title='bbox 567 3820 734 3875; x_wconf 85' lang='lat' dir='ltr'>coruscante</span> <span class='ocrx_word' id='word_1_372' title='bbox 753 3815 895 3886; x_wconf 76' lang='lat' dir='ltr'>euangelii</span> <span class='ocrx_word' id='word_1_373' title='bbox 910 3814 983 3887; x_wconf 82' lang='lat' dir='ltr'>luce,</span> <span class='ocrx_word' id='word_1_374' title='bbox 1007 3815 1069 3873; x_wconf 86' lang='lat' dir='ltr'>lleo</span> <span class='ocrx_word' id='word_1_375' title='bbox 1084 3816 1147 3872; x_wconf 84' lang='lat' dir='ltr'>laus</span> <span class='ocrx_word' id='word_1_376' title='bbox 1162 3815 1290 3885; x_wconf 77' lang='lat' dir='ltr'>contigit,</span> 
     </span>
     <span class='ocr_line' id='line_1_36' title="bbox 134 3919 1289 3993; baseline -0.011 -7"><span class='ocrx_word' id='word_1_377' title='bbox 134 3920 245 3985; x_wconf 77' lang='lat' dir='ltr'>bdieata</span> <span class='ocrx_word' id='word_1_378' title='bbox 259 3921 361 3981; x_wconf 80' lang='lat' dir='ltr'>inerit.</span> <span class='ocrx_word' id='word_1_379' title='bbox 393 3921 450 3980; x_wconf 88' lang='lat' dir='ltr'>Sed</span> <span class='ocrx_word' id='word_1_380' title='bbox 465 3936 517 3978; x_wconf 92' lang='lat' dir='ltr'>nos</span> <span class='ocrx_word' id='word_1_381' title='bbox 532 3921 604 3992; x_wconf 85' lang='lat' dir='ltr'>proh</span> <span class='ocrx_word' id='word_1_382' title='bbox 624 3920 708 3979; x_wconf 91' lang='lat' dir='ltr'>dolor</span> <span class='ocrx_word' id='word_1_383' title='bbox 728 3925 789 3977; x_wconf 84' lang='lat' dir='ltr'>tam</span> <span class='ocrx_word' id='word_1_384' title='bbox 804 3919 931 3992; x_wconf 80' lang='lat' dir='ltr'>languidi</span> <span class='ocrx_word' id='word_1_385' title='bbox 947 3927 977 3977; x_wconf 88' lang='lat' dir='ltr'>et</span> <span class='ocrx_word' id='word_1_386' title='bbox 992 3921 1081 3993; x_wconf 90' lang='lat' dir='ltr'>tepidi</span> <span class='ocrx_word' id='word_1_387' title='bbox 1097 3934 1202 3989; x_wconf 88' lang='lat' dir='ltr'>sumus,</span> <span class='ocrx_word' id='word_1_388' title='bbox 1219 3925 1289 3975; x_wconf 85' lang='lat' dir='ltr'>tenr-</span> 
     </span>
    </p>

    <p class='ocr_par' dir='ltr' id='par_1_3' title="bbox 111 4023 1294 4311">
     <span class='ocr_line' id='line_1_37' title="bbox 111 4023 1291 4107; baseline -0.008 -19"><span class='ocrx_word' id='word_1_389' title='bbox 111 4034 113 4107; x_wconf 76' lang='lat' dir='ltr'>l</span> <span class='ocrx_word' id='word_1_390' title='bbox 134 4034 222 4088; x_wconf 76' lang='lat' dir='ltr'>nentes</span> <span class='ocrx_word' id='word_1_391' title='bbox 236 4032 350 4087; x_wconf 85' lang='lat' dir='ltr'>tantam</span> <span class='ocrx_word' id='word_1_392' title='bbox 365 4025 573 4099; x_wconf 81' lang='lat' dir='ltr'>benignitatem</span> <span class='ocrx_word' id='word_1_393' title='bbox 588 4025 643 4082; x_wconf 91' lang='lat' dir='ltr'>Dci</span> <span class='ocrx_word' id='word_1_394' title='bbox 658 4040 711 4082; x_wconf 89' lang='lat' dir='ltr'>nec</span> <span class='ocrx_word' id='word_1_395' title='bbox 726 4024 784 4081; x_wconf 93' lang='lat' dir='ltr'>ullo</span> <span class='ocrx_word' id='word_1_396' title='bbox 799 4024 860 4082; x_wconf 89' lang='lat' dir='ltr'>zelo</span> <span class='ocrx_word' id='word_1_397' title='bbox 873 4023 921 4083; x_wconf 82' lang='lat' dir='ltr'>sel</span> <span class='ocrx_word' id='word_1_398' title='bbox 936 4024 991 4081; x_wconf 90' lang='lat' dir='ltr'>Dei</span> <span class='ocrx_word' id='word_1_399' title='bbox 1005 4024 1104 4096; x_wconf 81' lang='lat' dir='ltr'>gloriae</span> <span class='ocrx_word' id='word_1_400' title='bbox 1120 4027 1170 4079; x_wconf 91' lang='lat' dir='ltr'>aut</span> <span class='ocrx_word' id='word_1_401' title='bbox 1184 4027 1291 4079; x_wconf 88' lang='lat' dir='ltr'>nostrae</span> 
     </span>
     <span class='ocr_line' id='line_1_38' title="bbox 111 4116 1289 4205; baseline -0.004 -14"><span class='ocrx_word' id='word_1_402' title='bbox 111 4116 113 4131; x_wconf 44' lang='grc' dir='ltr'>Ι</span> <span class='ocrx_word' id='word_1_403' title='bbox 134 4130 220 4191; x_wconf 67' lang='lat' dir='ltr'>elutis</span> <span class='ocrx_word' id='word_1_404' title='bbox 232 4129 539 4205; x_wconf 73' lang='lat' dir='ltr'>tangimur‚·pat1ibus</span> <span class='ocrx_word' id='word_1_405' title='bbox 554 4126 709 4188; x_wconf 89' lang='lat' dir='ltr'>declaratio</span> <span class='ocrx_word' id='word_1_406' title='bbox 725 4130 879 4188; x_wconf 84' lang='lat' dir='ltr'>uoluntatis</span> <span class='ocrx_word' id='word_1_407' title='bbox 894 4130 957 4200; x_wconf 84' lang='lat' dir='ltr'>Dci,</span> <span class='ocrx_word' id='word_1_408' title='bbox 981 4127 1062 4186; x_wconf 86' lang='lat' dir='ltr'>nobis</span> <span class='ocrx_word' id='word_1_409' title='bbox 1077 4128 1155 4184; x_wconf 86' lang='lat' dir='ltr'>zelus</span> <span class='ocrx_word' id='word_1_410' title='bbox 1170 4126 1224 4186; x_wconf 91' lang='lat' dir='ltr'>Dei</span> <span class='ocrx_word' id='word_1_411' title='bbox 1240 4128 1289 4186; x_wconf 81' lang='lat' dir='ltr'>tlo-</span> 
     </span>
     <span class='ocr_line' id='line_1_39' title="bbox 111 4230 1294 4311; baseline -0.007 -15"><span class='ocrx_word' id='word_1_412' title='bbox 111 4230 113 4241; x_wconf 88' lang='lat'>&#39;</span> <span class='ocrx_word' id='word_1_413' title='bbox 130 4240 176 4295; x_wconf 78' lang='lat' dir='ltr'>ut.</span> <span class='ocrx_word' id='word_1_414' title='bbox 211 4238 398 4311; x_wconf 79' lang='lat' dir='ltr'>Quapropter</span> <span class='ocrx_word' id='word_1_415' title='bbox 412 4250 467 4307; x_wconf 91' lang='lat' dir='ltr'>pro</span> <span class='ocrx_word' id='word_1_416' title='bbox 483 4233 589 4293; x_wconf 76' lang='lat' dir='ltr'>(bristi</span> <span class='ocrx_word' id='word_1_417' title='bbox 608 4250 705 4293; x_wconf 79' lang='lat' dir='ltr'>ariiorc</span> <span class='ocrx_word' id='word_1_418' title='bbox 729 4242 756 4293; x_wconf 84' lang='lat' dir='ltr'>ct</span> <span class='ocrx_word' id='word_1_419' title='bbox 772 4234 862 4306; x_wconf 76' lang='lat' dir='ltr'>gloria</span> <span class='ocrx_word' id='word_1_420' title='bbox 884 4250 935 4291; x_wconf 84' lang='lat' dir='ltr'>uos</span> <span class='ocrx_word' id='word_1_421' title='bbox 951 4233 1131 4291; x_wconf 80' lang='lat' dir='ltr'>obscumnus</span> <span class='ocrx_word' id='word_1_422' title='bbox 1147 4232 1294 4291; x_wconf 84' lang='lat' dir='ltr'>meliorem</span> 
     </span>
    </p>
   </div>
   <div class='ocr_carea' id='block_1_3' title="bbox 0 0 1344 4546">
    <p class='ocr_par' dir='ltr' id='par_1_4' title="bbox 0 0 1344 4546">
     <span class='ocr_line' id='line_1_40' title="bbox 0 0 1344 4546; baseline 0 0"><span class='ocrx_word' id='word_1_423' title='bbox 0 0 1344 4546; x_wconf 95' lang='lat' dir='ltr'> </span> 
     </span>
    </p>
   </div>
  </div>
 </body>
</html>
