2706 4530
629 25 675 82 tlt

154 196 207 255 xix
219 195 306 273 blnjl,
330 213 396 273 qum
420 201 483 256 erat
498 197 526 257 d.
543 196 683 258 Potentiae
708 198 786 274 dies,
808 200 926 274 virginis
947 199 1024 258 illius
1044 199 1240 274 sanctissimae,

65 316 123 361 non
137 301 212 377 eius,
229 319 293 376 quae
308 303 426 370 Interim
448 303 520 363 illud
540 320 592 363 sua
613 306 744 379 potentia
758 303 870 378 pavidis
886 303 993 365 Christi
1008 303 1127 364 oviculis
1143 304 1241 364 obtru-

65 405 115 481 dit,
140 421 264 482 qumque
285 423 350 467 cum
373 409 432 467 suis
452 409 569 470 asseclis
588 410 755 484 arrogantia
774 416 804 470 et
818 410 959 484 philautia
974 407 1034 469 iere
1050 408 1113 469 sola
1122 413 1240 484 regnat,

64 510 109 569 cui
123 526 157 571 se
170 512 318 587 principes
333 512 472 591 pontificii
481 520 512 574 et
523 516 613 574 nostri
629 513 690 574 fere
705 530 804 575 omnes
819 531 899 575 nunc
910 531 941 575 se
956 513 1138 588 addixerunt,
1155 529 1241 587 quam

64 622 91 675 et
104 623 300 692 venerantur,
326 619 504 679 admirantur
518 607 548 681 st
562 620 701 692 adorant,
718 619 921 694 existimantes,
939 635 1002 679 cum
1016 618 1147 679 Christus
1162 618 1241 678 dixe·

63 722 112 781 rit:
136 721 271 797 Regnum
284 738 380 782 meum
394 741 452 783 non
468 729 512 784 est
526 723 562 784 de
577 726 631 784 hoc
646 725 769 799 mundo,
793 723 849 783 illis
865 725 1039 798 conducere,
1064 724 1157 784 siboc
1170 739 1241 797 rege

62 831 179 901 atergo
194 827 295 886 relicto
310 828 470 902 potentiam
491 829 570 888 illam
591 830 809 904 amplectantur.
849 829 893 889 Sit
913 833 1009 887 autem
1030 843 1140 887 summo
1163 829 1241 903 patri

63 946 127 989 cum
142 929 248 991 dilecto
268 929 327 991 filio
343 948 395 993 suo
410 938 440 992 et
453 935 558 1007 spiritu
573 939 672 997 sancto
686 936 766 1009 laus,
792 936 860 1008 quia
881 952 940 994 nou
964 932 1132 993 dormitabit
1145 949 1239 1006 neque
1276 917 1279 920 ’

63 1035 203 1110 dormiet,
228 1036 278 1109 qui
292 1036 417 1096 custodit
430 1037 531 1097 Israel.
563 1038 621 1098 Sed
634 1055 688 1100 rer
701 1041 750 1100 ille
765 1041 937 1113 coelestium,
954 1040 1134 1103 terrestrium
1151 1045 1181 1097 et
1194 1038 1239 1097 in·

63 1139 206 1216 imorum,
230 1141 315 1202 Jcsus
331 1141 462 1202 Christus
482 1144 598 1205 veniens
623 1145 719 1204 reniet
735 1145 869 1220 judicare
883 1145 984 1205 atheos
999 1145 1052 1203 hos
1068 1149 1098 1203 et
1112 1144 1240 1208 seculum

62 1263 113 1320 per
127 1247 236 1322 ignem.
259 1246 312 1307 Ille
327 1248 411 1309 nohis
425 1265 462 1309 ne
476 1250 508 1308 in
523 1254 677 1323 conspectu
692 1251 796 1325 ipsius,
821 1266 886 1310 cum
899 1250 1009 1324 angelis
1024 1249 1084 1309 suis
1098 1264 1240 1327 apparue-

61 1353 110 1426 rit,
125 1349 318 1427 pudefiamus,
335 1352 431 1412 donet.
1131 1390 1134 1395 Δ

151 1455 264 1517 Eadem
290 1456 320 1517 d.
340 1457 468 1518 Joaunes
488 1457 630 1517 Heuricus
655 1475 691 1518 ex
713 1475 776 1533 cap.
795 1464 834 1519 12
851 1460 889 1519 ad
903 1455 1062 1521 Romanos:
1089 1455 1236 1518 »Proinde

61 1566 214 1635 patrantes
228 1562 353 1622 honesta
363 1563 394 1621 iu
408 1570 563 1638 conspectu
577 1563 703 1622 omnium
717 1563 878 1640 homiuum,
901 1567 926 1624 si
941 1563 1005 1624 fieri
1019 1568 1129 1638 potest,
1146 1579 1237 1637 quan·

61 1672 124 1725 turn
138 1667 170 1725 in
184 1666 265 1727 vohis
280 1671 333 1742 est,
349 1682 414 1726 cum
428 1668 559 1727 omnihus
578 1669 738 1729 hominihus
753 1670 871 1750 inpare
885 1671 1030 1743 viventes,
1054 1685 1113 1727 uou
1127 1673 1238 1728 vosmet

60 1773 141 1848 ipsos
155 1770 345 1831 ulciscentes«
362 1778 428 1847 etc,
444 1789 535 1846 usque
550 1773 589 1832 ad
603 1771 690 1833 finem
705 1776 807 1850 capitis
822 1777 977 1836 auamavit.
1000 1775 1056 1834 Hic
1070 1789 1171 1832 rursus
1187 1772 1238 1833 ad·

62 1875 145 1937 duxit
159 1877 321 1951 exemplum
335 1876 565 1952 patrisfamilias,
590 1881 639 1952 qui
654 1879 753 1940 liberis
767 1882 827 1941 suis
841 1883 944 1956 votuit,
969 1897 1005 1941 ne
1022 1897 1107 1954 quem
1120 1878 1237 1954 leuant,

62 1987 114 2043 aut
128 1983 175 2042 vel
190 1984 397 2059 percutientem
411 1985 490 2058 ipsos
504 1986 711 2060 repercutiant,
727 1986 779 2045 sed
794 1987 819 2044 si
829 1987 958 2059 quisillis
973 1986 1108 2059 injuriam
1122 1982 1236 2059 inferat,

62 2088 93 2149 id
106 2088 188 2162 apud
202 2093 314 2162 patrem
328 2086 451 2148 familias
467 2095 669 2161 quererentur.
706 2090 735 2148 Is
749 2107 803 2165 pro
817 2096 939 2166 paterno
955 2090 1058 2151 affectu
1073 2090 1161 2150 multo
1176 2107 1235 2150 me·

61 2195 118 2254 lius
141 2194 277 2268 injuriam
298 2191 365 2253 filiis
385 2195 493 2254 matam
513 2194 690 2269 depulsahit,
721 2212 807 2269 quam
833 2198 931 2272 pueri,
964 2198 1014 2272 qui
1028 2197 1128 2256 molles
1143 2195 1237 2255 adhuc

62 2304 150 2360 aetate
165 2304 234 2358 suut
247 2305 301 2359 etc.
325 2299 398 2358 Item
413 2301 468 2358 etsi
483 2298 570 2361 iacies
586 2299 702 2375 benigni
716 2303 808 2376 patris
822 2301 888 2362 filiis
902 2305 934 2362 iu
947 2304 1025 2379 ipsos
1040 2308 1158 2363 austera
1172 2317 1236 2362 esse

62 2403 209 2478 rideatur,
234 2408 264 2462 et
283 2403 451 2463 verberaret
474 2407 561 2463 etiam
585 2405 622 2464 oh
646 2407 825 2466 commissum
849 2407 982 2483 aliquod,
1004 2414 1100 2467 tamur
1122 2421 1235 2480 semper

62 2525 148 2583 aequa
161 2508 254 2583 putris
269 2524 339 2582 arga
352 2507 427 2568 lilios
441 2525 522 2571 meus
545 2514 597 2568 est.
636 2510 851 2571 Demonstravit
873 2528 986 2584 quoque
1000 2527 1053 2584 per
1066 2510 1234 2584 scripturas,

62 2628 149 2687 quam
163 2612 240 2671 serio
254 2612 334 2671 Deus
348 2613 503 2672 vindictam
518 2615 563 2673 sui
577 2613 765 2688 prohibuerit.
805 2614 982 2675 Christianus
1006 2630 1119 2675 omnem
1133 2614 1234 2687 iniuri-

62 2734 108 2776 am
123 2717 180 2776 sihi
193 2717 304 2776 illatam
319 2719 464 2790 patienter
478 2716 565 2792 ferat3
589 2718 669 2777 Deus
694 2720 744 2792 qui
763 2719 817 2779 sihi
832 2727 962 2780 reservat
976 2720 1140 2794 vindictam,
1156 2719 1237 2779 norit

61 2822 181 2882 ultionis
194 2825 316 2895 tempus.
354 2821 416 2881 Nos
439 2827 534 2891 autem
558 2823 679 2882 inimicis
698 2823 910 2884 benefaciamus
930 2832 959 2885 et
981 2843 1035 2900 pro
1050 2827 1091 2885 eis
1107 2841 1232 2886 oremus.
1324 2894 1347 2915 ι,

61 2925 184 2987 Daudus
198 2927 334 2986 ostentm
348 2927 560 3001 locusiraeDei,
576 2927 654 3001 quod
670 2935 699 2989 et
713 2931 806 2989 oratio
821 2929 961 2990 dominica
976 2947 1029 2991 nos
1043 2932 1137 2991 docet.
1162 2930 1234 2990 Ora·

61 3032 211 3091 musenim
226 3030 366 3105 quotidie:
386 3030 526 3091 »Dlmitte
540 3030 623 3092 nohis
637 3032 736 3092 dehita
750 3039 857 3109 nostra,
868 3035 941 3094 sicut
957 3040 986 3094 et
1000 3051 1052 3094 nos
1067 3035 1234 3094 dimittimus

62 3133 243 3197 debitoribus
257 3137 393 3196 nostris«
415 3135 529 3197 Monuit
542 3143 639 3196 autem
654 3154 774 3211 quorum
788 3139 912 3213 intersit,
928 3138 1072 3199 vindicare
1087 3144 1117 3197 et
1131 3143 1231 3210 quate·

61 3257 115 3301 uus
131 3247 187 3301 etc.

149 3346 260 3407 Allium
274 3345 305 3405 in
327 3351 426 3406 crusta
440 3347 584 3406 concisum
605 3352 635 3406 et
653 3363 706 3421 per
724 3352 837 3406 noctem
851 3347 917 3406 vino
940 3348 1091 3409 sublimato
1107 3363 1234 3408 macera·

60 3456 122 3512 tum
137 3457 168 3511 et
187 3451 323 3511 concisim
337 3449 525 3525 deglubatum
539 3457 641 3512 contra
655 3452 757 3510 calculi
772 3453 915 3512 cruciatus
930 3451 1007 3512 facit.

149 3557 228 3616 Dum
246 3558 323 3616 iuter
343 3555 583 3617 confabulandum
597 3558 628 3615 iu
644 3558 773 3617 convivio
789 3557 826 3616 de
840 3557 990 3630 iniquitate
1006 3565 1036 3618 et
1050 3559 1172 3618 avaritia
1183 3561 1231 3634 iu-

60 3662 261 3737 risperitorum
283 3668 313 3722 et
336 3662 568 3735 dorophagorum
589 3663 705 3722 illorum
723 3662 895 3735 aulicorum,
921 3663 970 3735 qui
984 3681 1042 3722 non
1057 3670 1171 3723 servata
1185 3678 1231 3720 re-

60 3769 129 3841 gula
144 3764 215 3829 οὔτε
229 3761 333 3829 πάντα
348 3765 418 3828 οὔτε
432 3762 523 3828 aduri
538 3765 608 3830 οὔτε
620 3764 704 3853 παρὰ
725 3763 866 3844 πάντων,
889 3768 971 3827 avari
989 3768 1165 3840 marsupium
1179 3764 1231 3824 ha·

61 3870 133 3932 haut
145 3870 185 3933 ab
200 3873 332 3932 omnihus
347 3888 428 3947 aeque
444 3873 521 3932 dona
535 3874 691 3955 rapientes,
707 3871 823 3947 quidam
838 3871 978 3944 ejusmodi
992 3871 1119 3933 fabulam
1133 3885 1233 3929 narra·

61 3977 112 4036 vit
150 3977 228 4037 Dum
243 3977 301 4038 duo
316 3995 368 4038 nec
382 3980 403 4037 ii
417 3977 514 4051 parvis
531 3976 666 4036 derebus
684 3976 792 4050 judicio
808 3976 1029 4050 contenderent,
1052 3976 1131 4048 prior
1142 3975 1231 4046 jnris-

62 4083 211 4157 consulto,
233 4098 323 4156 aquo
338 4083 487 4142 consilium
501 4082 639 4157 petierat,
662 4081 764 4141 hovem
783 4084 869 4155 J'ustae
884 4079 1088 4154 magnitudinis
1104 4080 1232 4155 donarit,

105 4198 221 4242 worma.
999 4189 1016 4245 7
