2678 4546
626 70 691 141 lb?

68 258 113 321 lea
126 258 271 322 ullooums
284 264 339 334 est,
358 273 481 335 quorum
495 254 557 319 iere
569 255 673 335 eadem
687 262 717 317 et
731 271 790 317 uua
805 263 868 319 erat
884 257 1038 331 sententia,
1060 263 1189 319 metuere
1203 274 1245 333 se,

72 366 279 441 mperatorem
293 365 330 426 do
343 366 478 440 imposita
490 363 561 423 mibi
576 378 686 423 summa
700 362 772 421 nihil
786 362 981 423 minuiturum.
1011 362 1088 436 Quin
1103 373 1134 424 et
1147 364 1248 427 doctor

69 470 150 531 Hase
164 470 352 533 Atrebatensi
374 486 422 531 me
445 486 504 530 nou
525 470 582 529 nisi
602 475 736 543 quartam
759 474 871 543 partem
892 469 1044 529 comitatus
1063 475 1092 529 et
1116 487 1179 529 eam
1194 487 1247 546 per

68 591 223 638 normam
242 577 359 653 ovagio
381 577 602 652 oppignoratam
620 574 691 632 mihi
713 575 804 634 solam
824 574 965 646 reliquam
980 590 1044 634 esse
1059 575 1244 637 indicaverat.

68 681 214 743 Dixernnt
233 697 348 755 quoque
368 681 541 754 consiliarii,
565 695 718 752 summam,
747 694 833 752 quam
860 679 915 752 ipsi
938 680 1022 740 nobis
1044 682 1243 755 imposuerint,

67 787 162 848 multo
176 785 402 849 tolerabiliorem
417 802 492 847 ease.
514 786 622 845 l'erum
637 784 702 844 illos
717 784 790 843 clam
806 799 868 843 esse
884 800 941 857 quo
951 785 997 843 rel
1010 766 1180 861 instigatore
1193 796 1243 849 aut

69 906 226 965 quamnam
240 891 278 953 ob
293 907 409 953 oausam
423 907 515 951 caesar
528 908 582 967 per
597 907 629 951 se
644 905 782 950 summam
796 894 856 949 tam
870 889 997 963 iniquam
1012 908 1030 950 a
1044 908 1089 951 me
1104 892 1242 967 exigeret,

67 1013 136 1059 nam
149 996 288 1071 quiequid
301 1003 447 1072 ageretur,
463 997 493 1057 id
506 1012 643 1057 wem
663 997 693 1055 in
706 994 825 1071 propria
838 1010 963 1068 persona
977 997 1121 1055 statuisse.
1160 996 1242 1059 Adde

66 1101 145 1179 quod
157 1102 272 1178 Viglius
291 1119 353 1176 prae
372 1104 478 1163 ceterb
501 1103 673 1162 mentionem
686 1100 744 1160 mei
758 1098 882 1160 iaciebat
902 1104 931 1159 et
950 1115 995 1160 me
1016 1117 1076 1175 prae
1092 1103 1196 1165 ceteris
1211 1104 1241 1163 in

64 1208 171 1269 militia
183 1204 362 1268 infestiorem
375 1208 478 1269 cesari
491 1206 660 1268 ostendisse.

155 1311 336 1375 colummis
351 1313 452 1375 eadem
466 1328 603 1375 caesarem
624 1313 697 1374 adiit
716 1311 859 1386 pollicitus
874 1326 905 1371 se
920 1313 1012 1373 nostri
1026 1313 1105 1388 apud
1120 1314 1239 1376 eundem

66 1419 244 1481 mentionem
257 1417 410 1495 iacturum,
425 1419 503 1495 quod
517 1420 604 1480 etiam
618 1419 714 1479 credo

154 1524 233 1586 llum
247 1525 405 1588 Samuelem
419 1525 601 1599 deducerem,
617 1539 711 1584 eomes
726 1540 745 1583 a
758 1522 873 1584 Nassau
887 1539 941 1597 per
955 1538 1075 1599 puuum
1089 1540 1173 1585 suum
1186 1541 1239 1587 nos

62 1629 201 1693 aooerdri
210 1631 348 1705 jusserat

149 1752 193 1797 xv
205 1736 288 1797 Junii
299 1735 329 1797 d.
344 1733 532 1812 Woligangus
539 1735 688 1795 Mnaculus
702 1735 766 1795 baeo
780 1735 868 1797 rerba
882 1736 954 1812 legit
968 1752 1004 1796 ex
1018 1752 1080 1812 cap.
1100 1736 1238 1797 leoan·

63 1842 122 1903 nis:
140 1841 195 1903 »si
209 1842 247 1904 de
259 1841 367 1903 mundo
380 1839 517 1917 inissetis,
532 1842 655 1902 mundus
671 1842 749 1917 quod
763 1857 845 1901 suum
859 1848 904 1903 est
918 1842 1065 1917 diligeret,
1082 1842 1150 1915 quia
1167 1858 1237 1903 vero

64 1946 101 2007 de
120 1945 232 2009 mundo
253 1962 313 2007 non
333 1948 417 2022 estis,
439 1948 493 2008 aad
512 1963 567 2023 ogo
588 1948 661 2023 elegi
681 1963 732 2007 sos
747 1945 784 2007 de
798 1947 918 2021 mundo,
941 1952 1096 2023 propterea
1110 1963 1161 2008 ros
1176 1948 1237 2010 odit

63 2052 207 2115 mundns«
219 2057 274 2113 etc.
296 2052 352 2113 llic
364 2054 406 2113 ait
420 2054 564 2128 quomodo
575 2052 706 2114 Christus
720 2053 810 2128 priori
819 2060 989 2129 argumento
1005 2053 1160 2129 discipulos
1174 2071 1234 2117 mo·

63 2160 171 2235 uomit
184 2164 219 2219 ut
237 2159 425 2233 respicientes
443 2159 601 2234 dominum,
622 2159 766 2233 quomodo
781 2160 843 2235 ipse
867 2176 886 2219 a
905 2159 1010 2219 mundo
1031 2166 1167 2236 exceptus
1187 2163 1234 2237 sit,

62 2280 100 2325 ne
112 2278 183 2324 mox
195 2264 293 2324 auimo
307 2269 574 2340 consternarentur,
589 2267 615 2325 si
628 2264 704 2325 forte
719 2265 785 2326 odia
799 2264 899 2325 mundi
912 2266 942 2323 iu
958 2281 989 2325 se
998 2266 1150 2327 senserint.
1173 2268 1235 2328 Nec

62 2370 138 2431 mnu
151 2367 292 2431 mundum
314 2375 481 2445 acceptores
502 2371 550 2431 vel
571 2376 730 2431 assertores
754 2372 886 2431 ueritatis
908 2371 992 2432 aliter
1016 2373 1061 2431 rel
1076 2375 1235 2448 suscepisse

61 2474 107 2537 rel
118 2473 245 2551 poatbac
265 2480 463 2550 suscepturum
477 2491 549 2537 esse.
588 2475 705 2552 Magnae
727 2480 823 2536 autem
839 2477 1125 2538 consolationi·nobis
1139 2484 1194 2553 est,
1209 2480 1234 2539 si

61 2582 185 2643 amnne
197 2580 345 2643 warinum
358 2581 469 2658 ipsum,
496 2582 642 2656 apostolos
662 2588 692 2642 et
707 2583 861 2657 prophetas
879 2596 937 2641 non
951 2583 1042 2641 solum
1058 2584 1232 2657 persecutio·

61 2702 126 2747 uam
138 2702 259 2763 passm,
284 2686 338 2749 sed
355 2692 385 2746 et
403 2686 512 2747 occisos
531 2687 670 2747 amando
692 2693 722 2748 et
740 2688 816 2748 hanc
829 2688 1059 2764 persecutionem
1073 2688 1155 2749 nobis
1169 2704 1233 2749 cum

59 2793 166 2857 hlibus
180 2807 247 2853 esse
260 2808 446 2854 communem.
483 2792 539 2852 Est
553 2795 630 2853 enim
649 2793 796 2868 quiddam,
812 2795 837 2852 si
851 2794 992 2868 quispiam
1006 2793 1160 2868 singularis
1175 2794 1234 2869 pie·

59 2898 125 2959 tatis
145 2900 180 2959 ot
197 2912 316 2958 summae
339 2898 507 2959 eruditionis
529 2898 574 2958 vir
592 2898 632 2958 ad
651 2899 794 2959 ciutatem
813 2899 939 2973 aliquam
957 2915 976 2959 a
995 2915 1065 2974 rege
1088 2901 1231 2975 quopiam,

56 3004 191 3083 pmupe
207 3002 256 3066 vel
278 3002 426 3079 republica
440 3005 579 3079 mittatur,
602 3005 709 3079 optime
723 3004 854 3064 consulat
869 3010 898 3064 et
912 3006 937 3064 is
953 3021 1067 3080 quoquo
1081 3005 1148 3065 bnic
1163 3007 1230 3066 ciri·

56 3110 110 3173 lati
123 3124 163 3171 ex
176 3109 276 3171 ammo
290 3109 451 3171 consultum
465 3110 553 3171 vellet
567 3115 597 3170 et
609 3109 657 3168 bic
668 3114 764 3168 minen
773 3109 886 3184 legatus
900 3126 954 3184 pro
969 3126 1022 3170 sua
1037 3116 1117 3171 recta
1131 3111 1230 3172 volun·

54 3220 117 3285 nto
128 3220 161 3277 at
174 3215 268 3277 tunm
275 3212 421 3276 beneficiis
434 3216 560 3275 convicia
569 3221 599 3275 et
610 3215 712 3290 plagas
726 3216 857 3291 accipiat,
872 3216 895 3274 si
911 3215 984 3274 sciat
997 3216 1119 3276 antehac
1133 3216 1170 3276 ab
1183 3232 1230 3277 ea·
1295 3197 1298 3205 ¹

55 3320 121 3383 dum
133 3319 256 3383 duum
267 3324 299 3381 ot
307 3319 373 3381 aliia
386 3320 470 3381 bonis
484 3321 554 3381 uiris
569 3319 688 3380 eandem
702 3321 862 3381 mercedem
876 3336 931 3397 pro
946 3337 998 3380 sua
1013 3320 1156 3396 probitate
1166 3322 1231 3383 red·

57 3426 213 3489 menete
235 3424 329 3487 Addit
343 3430 373 3486 et
380 3425 510 3487 cbristus
525 3427 646 3486 alterum
660 3430 871 3500 argumentmn:
888 3426 919 3486 Si
935 3426 971 3486 de
985 3428 1091 3489 mundo
1106 3426 1233 3490 inissetis

60 3536 108 3595 cto.
121 3532 290 3593 Hicautem
296 3530 445 3591 Masculus
456 3532 552 3592 varias
565 3533 737 3607 quaestiones
745 3533 842 3606 movit,
853 3532 996 3606 quomodo
1003 3532 1133 3595 Christus
1145 3534 1232 3612 dicat,

62 3636 243 3699 lldcmuudo
253 3632 391 3711 fuissetis,
402 3652 467 3697 cum
479 3637 601 3711 apostoli
614 3637 758 3698 inmundo
770 3639 830 3698 nati
846 3644 875 3698 et
890 3655 926 3698 ex
940 3640 1092 3700 mundanis
1106 3642 1232 3715 parenti·

65 3739 107 3809 b
118 3742 214 3821 geniti
222 3744 255 3803 et
262 3739 294 3801 in
304 3742 378 3816 ipso,
387 3740 479 3803 donec
490 3743 544 3803 vini
553 3744 678 3804 robustae
689 3743 782 3803 aetatis
797 3743 903 3818 forent,
916 3746 1030 3805 educati
1045 3751 1074 3805 et
1088 3748 1231 3817 praeterea

69 3850 159 3923 mim
167 3849 202 3909 in
215 3845 327 3907 mundo
337 3848 502 3908 conversati
514 3849 572 3909 sint
583 3854 637 3908 etc.
661 3849 768 3909 Verum
782 3849 835 3910 has
850 3852 1021 3923 questiones
1036 3840 1077 3908 ita
1091 3847 1230 3922 dissolvit,

73 3952 161 4015 mc
173 3952 214 4015 de
227 3952 336 4031 spiritu
350 3953 448 4033 muudi
464 3953 541 4013 dieta
556 3970 618 4014 esse
634 3955 808 4016 ostenderet.
836 3956 912 4015 Nam
927 3952 1041 4029 spiritui
1054 3950 1152 4010 mundi
1167 3967 1231 4012 cum

76 4058 160 4133 ΨΜ
171 4058 378 4139 apostolorum
390 4057 463 4119 nihil
476 4061 617 4119 convenit.
642 4060 884 4134 Quemadmodum
896 4066 925 4120 et
933 4058 1079 4133 apostolus
1094 4057 1148 4117 ait:
1164 4058 1232 4120 Non

80 4162 132 4225 mn
142 4166 296 4253 aeoapistia
316 4164 452 4241 spiritum
465 4165 566 4229 mundi
579 4165 664 4240 hujus
680 4172 734 4229 etc.
775 4167 898 4244 Spiritus
914 4164 990 4225 euim
1003 4161 1103 4227 mundi
1118 4179 1231 4243 semper
