2678 4546
625 70 666 137 sl

63 256 135 329 gelii
150 261 181 314 et
194 256 265 330 ipsis
280 253 459 315 adherentes
474 251 645 326 detendunt,
663 268 726 325 quse
742 270 856 328 semper
870 251 968 327 fuerit,
985 258 1030 311 est
1045 259 1075 312 et
1088 251 1187 311 futura
1202 254 1239 311 sit

60 361 229 434 Justissima,
246 366 276 419 et
291 377 353 420 eam
369 376 431 419 esse
445 361 540 433 talem,
558 361 603 417 oui
618 375 700 418 nemo
716 360 851 418 resistere
866 361 964 433 possit.
988 358 1050 417 Nec
1067 358 1143 432 quod
1157 358 1239 417 nobis

64 466 181 525 adversi
197 467 343 540 quippiam
357 465 405 524 hio
418 464 565 539 Augusta,
582 466 688 539 inquit,
712 465 828 538 accidit,
849 481 943 525 causa
958 471 1064 524 nostrae
1080 464 1194 522 bonitas
1210 464 1239 521 in

64 572 151 644 culpa
165 575 223 645 est,
244 587 329 643 qnam
349 570 443 630 adhuc
460 571 633 630 sustinemus
651 578 680 631 et
699 571 899 630 sustinebimus
920 572 950 630 in
969 576 1148 645 perpetuum.
1186 568 1240 626 Est

65 678 143 735 enim
161 692 250 736 causa
268 694 326 736 non
345 678 463 736 honoris
483 677 575 736 nostri
595 683 759 751 etoperum
780 682 957 750 nostrorum,
982 676 1035 735 sed
1054 677 1118 750 ipsa
1132 674 1240 734 domini

64 784 183 856 veritas,
200 781 328 842 doctrina
338 784 511 842 sinceritatis
526 788 556 842 et
564 789 644 841 recta
657 791 900 843 sacramentorum
916 781 1134 842 administratio.
1154 778 1240 839 Boni·

64 892 155 946 tatem
170 904 273 961 causa,
289 889 391 962 inquit,
407 888 554 962 hahemus,
571 903 607 946 ea
621 903 700 962 vero,
717 905 780 961 quae
793 896 861 948 sunt
875 893 982 963 praeter
995 889 1147 948 veritatem
1156 902 1240 945 evan·

65 994 133 1066 gelii
149 993 238 1053 divini
253 993 373 1054 nominis
388 993 525 1052 honorem
541 1000 570 1052 et
585 1009 642 1052 non
657 992 767 1054 faciunt
781 994 819 1053 ad
834 995 956 1052 salutem
972 999 1108 1053 nostram.
1140 992 1241 1066 Apage

65 1098 123 1157 sint
138 1104 171 1157 et
184 1099 300 1158 valeant
313 1099 343 1157 in
358 1097 463 1156 malam
478 1114 600 1158 crucem.
630 1098 660 1158 Si
675 1115 744 1158 vero
759 1101 841 1159 nobis
856 1114 914 1157 non
929 1101 1024 1158 omnia
1039 1099 1164 1158 errotis
1180 1113 1239 1156 ces·

66 1209 168 1262 serunt
183 1210 213 1264 et
227 1203 364 1262 nonnulla
378 1204 476 1276 inique
491 1204 621 1278 perpessi
636 1221 746 1278 sumus,
763 1203 793 1263 id
808 1221 867 1264 non
883 1206 997 1279 optime
1013 1210 1121 1263 nostra
1135 1218 1239 1274 causa,

65 1308 117 1368 sed
132 1308 211 1382 quod
227 1325 278 1367 nos
292 1311 322 1367 in
336 1309 390 1367 hac
404 1324 437 1367 re
452 1325 510 1367 non
524 1316 556 1368 nt
571 1309 667 1368 decuit
681 1311 854 1383 gesserimus
871 1316 901 1369 et
915 1309 1116 1383 ingratitudini
1132 1313 1240 1367 nostre

66 1428 100 1471 ac
113 1413 191 1472 malo
205 1419 277 1472 aetae
290 1414 539 1488 impoenitentiqne
552 1416 624 1489 vita·
635 1420 742 1473 nostrae
757 1423 904 1490 acceptum
919 1414 1053 1476 ieramus.
1091 1414 1181 1487 Nam,
1198 1414 1240 1472 in·

10 1556 18 1578 -.
66 1518 141 1592 quit,
163 1518 243 1594 apud
261 1536 313 1579 nos
328 1519 511 1594 Augustanos
525 1536 608 1580 nemo
623 1522 668 1580 rel
684 1520 798 1581 obolum
812 1537 865 1593 pro
881 1520 1128 1581 administratione
1142 1535 1239 1578 sacra-

10 1648 18 1686 ·.
66 1628 228 1684 mentorum
242 1623 312 1684 dare
327 1642 399 1700 opus
413 1625 524 1699 habuit,
548 1631 577 1683 ct
591 1632 688 1685 tamen
702 1626 776 1686 adeo
790 1625 873 1685 nobis
888 1628 1037 1686 conciones
1053 1640 1153 1696 sacra,
1176 1624 1242 1698 ipsa

10 1752 28 1793 2
68 1730 150 1790 simul
164 1734 196 1789 et
210 1736 389 1791 sacramenta
402 1731 490 1791 taedio
499 1728 626 1805 fuerunt,
643 1736 676 1789 ut
687 1732 846 1791 abominari
861 1748 896 1791 ea
907 1731 1079 1790 videremur.
1103 1730 1183 1799 Haeo,
1199 1730 1241 1787 in·

10 1858 25 1897 r
69 1850 162 1908 cmm,
173 1836 556 1897 ctsimilianobismalorum
565 1852 652 1895 causa
659 1834 784 1910 fuerunt,
794 1852 852 1895 non
863 1853 948 1908 quam
957 1837 1081 1909 gerimus
1091 1850 1177 1893 causa
1184 1838 1240 1892 oto.

10 1965 23 2004 r.
69 1939 195 2014 Repetiit
209 1945 239 1999 et
253 1941 315 2000 hoc.
340 1939 453 2000 Christo
464 1958 522 2000 non
535 1940 712 2015 satisfuisse,
729 1943 807 2015 quod
818 1941 935 2014 diceret,
954 1940 1040 1999 »Non
1051 1939 1241 1999 tnrbetnroor

10 2072 20 2109 ·.
64 2050 227 2137 ⁸restrum«,
245 2046 327 2120 quin,
346 2046 466 2119 »Neque
481 2045 646 2121 formidet«,
663 2047 809 2120 adjiceret.
833 2046 925 2105 lussit
939 2047 1027 2119 igitur
1042 2051 1075 2104 ut
1089 2047 1118 2103 in
1134 2046 1242 2119 optima

10 2180 22 2213 -,
71 2164 155 2210 musa
168 2152 279 2239 animos
294 2155 408 2210 nostros
420 2166 478 2210 non
487 2151 729 2226 desponderemus
744 2169 778 2210 ac
787 2169 900 2226 semper
913 2169 965 2211 nos
979 2168 1015 2210 ex
1029 2151 1126 2211 verbis
1136 2149 1243 2209 Christi

10 2288 23 2327 ι,
69 2255 282 2315 consolaremur
297 2261 328 2315 et
341 2256 531 2331 erigeremus,
553 2258 664 2317 etiamsi
679 2260 891 2332 potentissimos
907 2259 985 2317 orbis
1000 2274 1092 2316 cama
1107 2256 1242 2316 resistere

10 2360 26 2427 ὲ
71 2376 227 2420 cernamus.
263 2361 403 2436 Fuerunt,
418 2363 519 2437 inquit,
539 2364 663 2436 apostoli
676 2364 843 2438 piscatores,
860 2363 967 2437 idiota,
983 2363 1112 2422 homines
1127 2362 1241 2436 abiecti,

10 2468 22 2579 ᾗ
70 2482 168 2526 uerum
181 2473 241 2526 tam
254 2483 359 2542 magna
373 2469 501 2542 aggressi
516 2474 582 2526 sunt
596 2466 772 2528 confidentes
788 2474 818 2527 et
832 2471 976 2542 erigentes
992 2485 1023 2526 se
1038 2468 1141 2542 spiritu
1157 2483 1175 2524 a
1192 2466 1242 2525 do·

10 2586 19 2643 ι
71 2573 144 2632 mino
159 2572 217 2631 illis
232 2574 263 2631 in
276 2573 330 2631 hoo
345 2573 414 2632 dato
429 2578 458 2632 et
471 2572 670 2633 recordatione
688 2575 838 2633 verborum
856 2573 970 2632 Christi.
994 2572 1074 2631 Nihil
1089 2573 1177 2645 igitur
1191 2586 1242 2629 vos

10 2644 21 2741 l
71 2674 258 2750 offendimini,
278 2679 368 2736 sinos
384 2677 458 2737 forte
475 2680 698 2738 succumbamus.
736 2679 834 2738 Macte
848 2681 954 2738 virtute
970 2684 999 2736 et
1013 2676 1101 2735 animi
1116 2677 1171 2734 uiri
1184 2673 1243 2735 ior·

10 2746 20 2789 ἱ
69 2786 112 2841 tes
131 2787 238 2856 estote,
262 2798 316 2842 uec
334 2784 458 2843 animum
477 2784 626 2856 abjiciatis.
667 2784 766 2843 Nostis
786 2786 861 2843 enim
882 2783 1018 2858 quidnam
1041 2789 1071 2842 et
1084 2782 1191 2842 ethnici
1206 2781 1242 2840 de

18 2926 29 2971 &r
71 2884 144 2946 bono
159 2887 222 2947 viro
239 2887 344 2948 dicant.
368 2889 451 2962 Quod
461 2906 479 2949 a
489 2894 569 2948 recto
585 2888 731 2949 discedere
743 2907 800 2949 non
816 2890 928 2963 debeat,
944 2889 1052 2963 dixere,
1068 2888 1167 2947 mnndi
1181 2904 1243 2946 ere-

20 2974 32 2985 *
70 2998 139 3066 pent
151 2993 222 3052 licet
235 2994 327 3053 ruina
342 3000 372 3053 et
384 2992 492 3054 hactus
507 2995 643 3059 illabatur
661 2997 740 3055 orbis
755 3003 808 3055 etc.
846 2997 919 3055 Item
934 2995 1078 3068 coarguit,
1100 2994 1177 3067 qnod
1191 2994 1242 3051 im·

69 3098 271 3158 misericordes
289 3100 394 3174 passim
415 3116 486 3174 erga
508 3100 692 3174 perturbatos
712 3108 743 3160 et
756 3099 878 3160 afflictos
901 3103 988 3159 simus
1008 3101 1049 3157 ita
1067 3105 1100 3157 ut
1119 3096 1241 3156 afflictos

58 3208 273 3275 praesummus
287 3221 347 3263 uon
359 3205 448 3263 solum
466 3222 524 3264 non
539 3207 729 3280 consolantes,
747 3207 799 3265 scd
808 3208 925 3280 insuper
937 3222 985 3264 eos
996 3209 1046 3262 aut
1061 3203 1242 3262 derideamus

68 3313 119 3368 ut
132 3323 196 3382 prae.
211 3309 347 3381 superbia
358 3315 579 3369 contemnamus.
604 3312 687 3382 Quod
700 3317 729 3370 et
737 3310 834 3370 David
844 3313 874 3369 in
887 3327 1011 3384 persona
1021 3308 1126 3367 Christi
1140 3308 1240 3382 psalm.

70 3414 110 3473 22
126 3413 312 3486 conqueritur
327 3413 404 3491 (lege
418 3421 510 3474 totum
525 3414 686 3491 psalmum).
710 3417 803 3476 Jussit
819 3419 907 3488 igitur
921 3415 1098 3488 archetypam
1113 3420 1242 3473 nostrum

43 3514 216 3577 schristum
230 3518 351 3592 imitari,
373 3522 493 3579 miseros
514 3521 603 3580 verbo
618 3523 725 3581 domini
745 3523 913 3596 sustentari,
936 3522 983 3580 hic
998 3522 1073 3580 enim
1089 3520 1243 3594 discipulos

52 3634 211 3697 ‘nmquam
229 3625 422 3685 inconsolatos
436 3627 560 3699 reliquit.
599 3627 664 3686 Duo
682 3629 779 3700 itaque
802 3629 863 3687 haec
878 3645 930 3687 nos
946 3628 1078 3701 amplecti
1097 3625 1243 3698 praecipie-

65 3722 135 3802 hat,
157 3733 191 3787 ut
209 3728 317 3789 scilicet
335 3731 424 3791 verto
448 3730 554 3790 domiui
576 3734 731 3792 innitamur
751 3750 784 3791 ao
805 3752 857 3793 nos
878 3736 956 3809 ipsos
971 3750 1029 3791 una
1044 3748 1078 3790 ao
1092 3729 1196 3789 fratres
1212 3730 1242 3785 in

67 3828 272 3893 {filiationibus
291 3835 412 3894 invicem
430 3837 525 3896 verbis
549 3837 656 3896 domini
676 3844 704 3896 et
723 3839 922 3899 recordatione
942 3837 1159 3915 promissionum
1181 3834 1242 3906 eius

72 3934 206 4012 uniemur,
222 3955 256 3999 ac
269 3938 364 4000 Deum
386 3957 512 4015 oremus,
535 3949 567 4000 nt
582 3943 712 4017 spiritum
727 3962 808 4003 suum
823 3946 927 4005 bonum
942 3947 1046 4016 mittat,
1070 3943 1119 4014 qni
1139 3955 1192 3998 nos
1212 3941 1242 3997 in

84 4040 163 4100 verbo
182 4045 347 4106 corroboret
367 4051 396 4106 et
419 4045 527 4105 domini
546 4048 685 4106 voluntati
706 4050 903 4124 obtemperare
927 4049 1037 4107 doceat.
1076 4045 1144 4104 Fiat
1157 4046 1199 4105 ita
1214 4051 1243 4104 et

97 4141 167 4176 hum
515 4144 517 4149 '
