2678 4546
693 65 759 130 150

135 265 224 324 quem
238 251 378 310 meum
391 249 514 321 contigit
528 246 630 306 hurum
643 249 899 306 temtationem
911 245 1138 306 bemmrelitis.
1169 245 1309 308 Concolo-

136 351 1310 426 mementorumspusiilsnimes,qnidicereposscnt:ncegomiserbo

135 455 1310 531 muudo,quipossitpraeocptcrum0bristiemeobsermtiopraesturi?0u-

135 564 216 636 pies,
239 563 346 635 inquit,
370 560 594 620 extotocorde
616 560 976 636 implereetoreDm
999 562 1310 622 utecmvoluntntem

135 665 872 740 t’biconlirmet,etopereremuggredistudeto.
909 664 1310 742 Etnemvuiumeeemm

136 767 1188 845 meiseleepeoopereaccepubitecsiseptiesindielnpsnsfueris,
1210 788 1308 830 resur·

133 889 205 949 gere
218 875 440 947 convellens
462 875 732 934 enimroluntetem
755 891 810 948 pro
824 891 912 946 opere
927 875 1098 948 ecoepturit.
1134 874 1196 934 llos
1212 881 1308 935 sutem

133 977 1308 1051 mbisipeisisoomodononsetiefneinmm,seuextotoeordeetommbus

132 1083 243 1144 viribus
269 1083 397 1156 quotidie
422 1090 569 1156 praeeepu
593 1083 701 1142 obiisti
723 1083 843 1157 implere
867 1083 1044 1142 studeumus.
1081 1084 1138 1156 Qui
1162 1101 1233 1145 vero
1254 1102 1307 1144 nos

131 1186 396 1260 msti,Domine,
421 1187 1306 1263 deteredumure,meutemquuqueetvoluntctemergute

30 1278 34 1286 ’
131 1297 257 1363 reum,
277 1308 335 1364 quo
349 1308 401 1367 eu,
422 1309 486 1366 que
500 1295 678 1367 prunoepisoi,
703 1309 791 1366 opere
804 1293 926 1365 implere
944 1292 1104 1367 veleamus,
1126 1299 1161 1351 ut
1178 1294 1306 1354 Mundus

131 1410 289 1469 agnoscere
303 1399 411 1471 possit,
432 1397 508 1471 qnod
524 1415 560 1456 ex
575 1398 730 1457 dilectione
750 1398 795 1456 tui
808 1397 945 1456 mandet:
956 1403 1009 1456 tu
1022 1397 1218 1473 obsmrmus,
1235 1416 1305 1473 quos

131 1499 171 1559 de
183 1501 321 1559 immense
334 1500 465 1561 bonitate
485 1507 538 1560 tue
551 1503 658 1560 amicos
672 1517 776 1561 vocure
796 1501 932 1576 dignutus
953 1518 999 1576 es,
1022 1518 1058 1560 cc
1072 1502 1156 1562 nobis
1170 1505 1303 1578 spiritum

130 1610 213 1663 tun
235 1622 259 1663 s.
282 1612 313 1663 et
337 1604 444 1663 bonum
467 1623 521 1679 per
543 1605 688 1665 Obrimum
713 1607 814 1664 Jesum
838 1607 984 1667 dominum
1006 1611 1137 1666 nostrum
1162 1608 1303 1682 impertiri

133 1709 214 1769 velis.

218 1814 330 1874 Eodem
345 1814 523 1874 Coloniensis
538 1815 576 1874 cd
590 1831 685 1874 arcem
699 1831 780 1873 suum
793 1815 921 1888 Velberg
933 1815 1013 1874 obiit
1044 1813 1130 1873 Hunc
1144 1832 1237 1890 nepos
1250 1832 1299 1875 uo-

129 1925 190 1978 stes
205 1920 319 1978 Sumuel
333 1935 368 1978 eo
383 1919 552 1978 subsecutus
566 1925 620 1978 est.

217 2023 329 2083 Eodem
348 2039 443 2082 comes
464 2023 633 2082 wilhelmus
654 2024 767 2082 litteras
788 2023 902 2084 liberti
922 2023 1096 2082 marchionis
1114 2040 1135 2082 u
1152 2023 1300 2083 Bnndeu·

129 2128 206 2201 enee
218 2128 403 2186 rrnnennn
423 2144 442 2185 e
462 2107 576 2201 umere
594 2133 798 2186 concernentes
818 2129 900 2186 neme
918 2128 1087 2202 eennnme,
1110 2128 1157 2186 enr
1178 2144 1233 2202 pen
1252 2127 1297 2186 m-

129 2231 242 2291 borium
257 2231 373 2289 easdem
386 2231 499 2290 litterus
513 2232 654 2292 addentes
673 2234 784 2291 comitis
798 2233 944 2303 Wilbelmi
963 2233 1002 2292 nb
1020 2231 1200 2306 Henneberg
1216 2232 1298 2291 remi·

129 2334 228 2407 timus,
250 2335 370 2409 insuper
383 2335 510 2408 Liborio,
535 2335 604 2408 quid
618 2345 717 2396 nostro
732 2338 847 2396 nominc
861 2352 880 2396 e
893 2338 997 2396 comite
1010 2336 1166 2396 erbclmo
1179 2341 1296 2412 peteret,
1335 2337 1337 2339 ’

127 2437 310 2514 iniungentes
328 2445 382 2498 etc.

216 2545 321 2603 Florus
336 2550 366 2602 et
379 2544 531 2618 Philippus
544 2542 636 2603 freter
651 2544 680 2602 in
695 2560 745 2602 rus
760 2543 870 2603 ubiere.

215 2649 326 2708 Eadem
347 2665 401 2723 per
422 2650 545 2708 lloseon
566 2650 810 2708 wormaciensem
836 2649 918 2708 nobis
945 2649 1080 2709 exhibite
1107 2656 1177 2708 sunt
1199 2649 1298 2708 neuim

127 2751 307 2811 conciliabuli
322 2752 493 2810 Tridentini
525 2754 659 2810 Venimus
674 2758 704 2811 et
717 2754 817 2812 eudem
837 2754 875 2812 cd
894 2753 1011 2829 iontem,
1034 2755 1085 2826 qui
1104 2755 1201 2813 estin
1221 2752 1298 2814 iussu

127 2853 208 2913 urbis
222 2855 359 2928 Auguste
375 2870 433 2913 uon
447 2857 548 2931 procul
562 2872 580 2914 c
594 2862 679 2929 porta
694 2865 800 2916 sancte
816 2860 908 2917 mucis
923 2858 1092 2918 exeuntibus
1106 2858 1144 2917 ud
1158 2858 1298 2929 dextrum,

128 2958 432 3028 quemlinximilinnus
448 2975 546 3030 mser,
559 2960 600 3018 ite
612 2967 645 3019 ut
655 2962 806 3034 aliquoties
818 2977 854 3019 ex
868 2978 902 3022 eo
917 2963 1016 3022 bibere
1029 2963 1130 3022 solitus
1145 2964 1193 3038 sit,
1206 2965 1237 3023 in
1251 2963 1298 3023 do·

129 3059 203 3120 liciis
221 3061 330 3135 hebuit,
354 3070 387 3121 ut
407 3069 530 3122 testetur
549 3066 706 3140 inscriptio,
730 3083 794 3139 qnae
814 3065 937 3126 hebetur
957 3069 987 3126 in
1008 3082 1078 3127 saxo
1099 3066 1137 3127 ud
1159 3067 1299 3141 parietem

126 3162 226 3225 fontis.
1202 3214 1206 3218 -

215 3269 276 3328 Sub
288 3277 402 3328 noctem
416 3270 549 3331 Liborius
569 3274 696 3357 notulnm
715 3275 794 3332 illum
815 3276 1017 3350 recognitionis
1036 3283 1067 3334 et
1085 3277 1298 3350 cupitulutiouic

126 3374 204 3431 iuter
218 3389 353 3433 emerem
369 3381 399 3434 et
411 3393 457 3435 me
472 3375 586 3436 obtulit.
617 3378 657 3437 Et
676 3395 840 3452 quenquam
858 3396 912 3455 per
931 3397 962 3440 se
977 3383 1038 3454 jem
1056 3387 1118 3440 tum
1132 3381 1219 3442 nobis
1232 3397 1296 3455 gre·

125 3477 242 3535 siminus
255 3479 318 3537 risu
331 3480 381 3551 sit,
406 3487 501 3540 temen
517 3483 617 3542 doctor
633 3483 735 3542 Seldus
749 3491 926 3558 protestatus
941 3492 999 3558 est,
1022 3485 1047 3543 si
1061 3485 1107 3544 vel
1125 3501 1220 3545 caesur
1236 3485 1296 3560 ipse

125 3580 171 3640 vel
185 3581 383 3642 Atrebatemis
397 3585 495 3658 ulique
509 3587 539 3644 in
554 3603 590 3644 ee
603 3589 740 3647 mutaturi
754 3589 821 3663 sint,
845 3605 910 3662 que
929 3591 999 3648 mibi
1017 3588 1150 3650 acerbius
1168 3590 1296 3650 vidum

125 3693 183 3760 tur,
206 3703 244 3745 ne
259 3687 294 3746 de
308 3688 363 3747 hoc
378 3689 494 3748 Seldum
508 3690 640 3749 incusare
654 3692 748 3751 velim.

212 3790 336 3851 Domine
350 3793 432 3867 Jesu,
453 3809 546 3867 ungor
561 3811 579 3852 e
595 3795 703 3855 dextris
719 3803 749 3856 et
762 3804 927 3858 courctorc
946 3798 1079 3872 sinistris,
1102 3796 1142 3858 dn
1161 3797 1294 3858 resuere

124 3901 155 3954 ot
168 3894 220 3954 tubi
236 3897 289 3955 soli
305 3895 405 3970 fidere,
428 3900 496 3956 enni
512 3899 587 3957 enim
601 3901 644 3959 tui
659 3918 718 3960 non
732 3899 874 3976 deficient,
897 3903 987 3963 ceteri
1000 3919 1099 3962 omnes
1114 3903 1292 3975 quuntumr'm

123 4004 256 4071 potentes
276 4006 308 4057 ut
327 4001 525 4059 vestimentum
544 4006 740 4066 mutabuntur.
778 4007 802 4064 0
823 4023 876 4065 rer
896 4022 996 4082 regum
1016 4012 1046 4066 et
1066 4005 1231 4068 dominator
1244 4007 1291 4067 do·

123 4102 209 4173 uine,
233 4102 348 4162 destrue
371 4122 483 4164 omnem
504 4115 675 4170 structorem
696 4118 726 4171 et
748 4109 937 4172 emicantem
957 4130 1015 4174 non
1035 4109 1188 4172 mimum
1210 4125 1292 4185 supet
