2678 4546
10 108 18 157 -·'
59 112 691 191 smmlieutnutmsurum,
707 122 945 177 uouemetuos.
966 116 1231 177 Actslludclstudil

62 222 99 279 16
113 220 162 281 die
175 220 250 279 Julii
267 236 346 281 uuuo
367 220 475 281 domimi
496 222 591 281 tots.
629 220 678 279 Sic
695 220 767 281 deus
786 220 919 295 providet
938 223 999 281 suis
1017 223 1103 281 etium
1125 222 1231 296 incogi-

58 325 193 397 mous,
209 328 258 385 cui
272 326 446 399 sennim:
458 326 522 387 hus
536 332 567 385 et
581 326 674 401 glorio
689 327 719 385 in
733 329 830 387 seculu
844 328 1015 387 seculorum.
1038 328 1139 387 nmen.

141 432 256 491 Eodem
276 431 474 505 sigismundus
494 448 514 490 u
532 432 663 491 Holbucln
684 433 797 491 litteras
818 434 1040 493 renuntiationis
1061 432 1156 507 sigillo
1178 448 1230 493 suo

59 536 258 597 corroboratus
282 537 395 596 rmrisit
421 542 451 597 et
478 552 531 611 per
558 535 714 597 Otthonem
746 539 783 598 ub
811 538 995 613 Eumenberss
1028 552 1082 597 nos
1110 538 1231 599 moturi

141 747 245 806 Justus
259 745 350 820 Supini
360 746 533 805 Solveldinm
546 747 807 821 udWolffgungum
822 748 953 805 comitem
968 754 1012 805 est
1026 748 1129 807 nrissus
1143 754 1174 807 et
1187 748 1231 807 illi

58 853 230 927 injunctum,
251 856 286 911 ut
302 852 468 925 nugisuum
484 850 643 927 Cuspurum
656 854 791 927 Aquilam
811 852 984 928 puricellum
1003 860 1033 911 et
1047 858 1227 927 superatten-

59 956 171 1017 tmtern
184 958 216 1015 iu
231 955 358 1015 Sulreldt
375 971 472 1015 secum
485 956 652 1017 udduceret

140 1060 257 1121 Eodem
275 1076 381 1121 eureos
410 1068 521 1137 septem
542 1062 573 1121 in
594 1061 780 1123 honorarium
801 1064 929 1137 gynoeooi
957 1080 1009 1137 per
1033 1078 1151 1125 uxorem
1179 1062 1229 1123 de·

58 1165 159 1225 dimus.

141 1270 235 1330 Dedit
248 1268 332 1330 nobis
346 1286 445 1330 socrus
459 1271 628 1343 molossum,
649 1274 699 1345 qui
711 1272 743 1331 in
756 1273 870 1334 stabulo
884 1274 997 1349 vigilius
1011 1279 1120 1348 egeret.
1152 1274 1231 1335 Note

56 1376 262 1435 nudiustertius
283 1375 394 1450 legatos
414 1376 518 1436 ducum
532 1377 710 1435 Pomerunice
729 1380 831 1437 iterum
850 1379 887 1438 ub
901 1380 1033 1455 Augusto
1052 1396 1183 1441 reversos
1198 1386 1228 1439 et

56 1482 86 1540 in
105 1481 253 1541 Sulveldiu
271 1482 431 1554 hospitatos
450 1480 549 1542 fuisse.
588 1481 648 1543 Sub
668 1496 773 1541 nonum
796 1484 933 1557 magister
957 1484 1101 1559 Cespurus
1123 1483 1231 1557 Aquilo

57 1586 241 1661 Augustanus
254 1587 413 1661 muethus
434 1589 465 1645 in
480 1586 624 1647 Sulreldiu
643 1593 673 1645 et
691 1588 931 1661 superintendens
951 1588 989 1647 ecl
1004 1588 1100 1647 Selour
1117 1586 1228 1647 liudol-

59 1692 181 1753 ttudium
193 1693 287 1767 venit,
309 1693 394 1752 homo
409 1698 439 1751 et
453 1691 632 1751 doctissimus
645 1695 677 1750 et
694 1694 820 1752 omnium
839 1691 989 1763 herorum,
1013 1698 1120 1765 proter
1133 1698 1230 1751 nmen

60 1795 236 1857 indecentem
250 1797 449 1871 pemmoni.

143 1899 325 1978 Significavit
338 1902 420 1961 nobis
435 1901 536 1961 eedem
550 1918 644 1962 comes
660 1901 858 1977 Wolffgongus
873 1919 891 1961 e
906 1900 1043 1962 Gloiehen
1058 1902 1086 1961 d.
1103 1901 1229 1959 Christo-

61 2007 179 2080 plorum
192 2008 348 2079 Eussner,
360 2003 371 2040 ¹
387 2009 436 2080 qui
447 2009 508 2081 jum
523 2007 561 2065 ud
575 2024 666 2067 annos
681 2008 791 2083 aliquot
804 2009 995 2069 illustrissimo
1009 2008 1116 2067 Jounni
1129 2005 1230 2067 l‘ricle-

61 2112 115 2171 rico
129 2112 248 2172 electori
263 2111 329 2171 duci
344 2112 478 2172 Senoniae
493 2128 511 2171 s
526 2114 708 2174 concionibus
723 2117 813 2175 sucus
827 2114 895 2190 fuit,
912 2116 973 2189 ojus
988 2114 1084 2173 soloni
1099 2113 1185 2173 cliton
1199 2113 1230 2171 in

62 2217 223 2290 captivitate
237 2220 367 2291 secutus,
388 2223 456 2276 unte
470 2234 578 2290 paucos
591 2218 658 2278 binc
682 2219 743 2280 dios
764 2223 879 2281 coesums
890 2221 974 2294 jussu
987 2219 1147 2291 Augustum
1161 2216 1229 2275 reli·

62 2320 151 2392 quisse
165 2326 195 2381 et
214 2321 270 2379 hec
283 2322 347 2394 ipse
365 2328 449 2383 nocte
467 2323 497 2381 iu
512 2323 656 2383 Solveldia
674 2329 880 2396 pernoctatum.
919 2324 967 2383 Sio
984 2330 1081 2383 sutem
1101 2320 1227 2379 evssisso

62 2422 173 2498 dicitur,
195 2429 228 2483 ut
241 2430 382 2485 metronoe
396 2427 523 2487 honestat
538 2445 627 2503 opera
643 2434 815 2503 personatus
831 2444 865 2486 sc
879 2426 970 2487 berbe
985 2426 1015 2484 in
1030 2424 1168 2483 cornicem
1183 2438 1228 2483 rc·

61 2523 131 2587 flexo
144 2530 278 2589 muliebri
293 2536 397 2593 ornem
413 2538 443 2591 et
456 2536 562 2594 amicto
576 2533 702 2606 indutus,
720 2532 788 2591 dato
804 2532 846 2589 illi
861 2532 891 2591 in
905 2530 960 2589 hoc
974 2528 1113 2602 vehiculo,
1129 2529 1171 2585 nic
1184 2528 1228 2587 iu·

61 2635 185 2708 cognitus
199 2636 300 2695 urbem
314 2652 445 2710 egressus
459 2640 505 2699 sit.
544 2640 627 2698 Nunc
647 2642 743 2697 autem
762 2642 843 2697 recte
857 2636 1024 2697 Wimorioin
1044 2632 1083 2693 uc
1098 2632 1230 2693 electoris

60 2733 129 2798 filios
145 2738 266 2799 tendere
282 2741 395 2802 dicitur.

142 2845 217 2904 Item
240 2843 317 2907 lema
337 2855 471 2908 cousmns
491 2855 535 2909 est
554 2847 684 2908 civitates
707 2847 840 2907 Ssxonioe
859 2852 889 2906 et
909 2861 958 2905 ces
980 2846 1029 2921 qui
1049 2862 1080 2905 so
1100 2844 1137 2905 lo
1160 2861 1228 2905 con-

58 2950 145 3009 sortio
167 2950 269 3011 Henso
286 2928 459 3026 ¹glorientur
486 2969 585 3011 rursus
615 2952 651 3011 do
679 2950 902 3025 redintegrando
925 2949 1035 3011 foedere
1063 2944 1230 3009 sollicitos¹

57 3068 131 3128 esse,
148 3070 180 3113 se
195 3055 292 3115 omnis
305 3055 444 3133 bonnas,
466 3074 530 3133 quse
546 3073 636 3116 caesur
651 3057 687 3116 ob
702 3057 752 3130 iis,
768 3062 827 3115 tom
841 3056 993 3115 facultates
1008 3072 1092 3127 quoni
1108 3068 1231 3127 corpote

57 3167 242 3235 concessant,
255 3161 368 3237 jobeot,
390 3179 487 3222 verum
504 3161 733 3221 consideratione
748 3161 867 3235 periculi
883 3163 1042 3221 mineorum
1058 3160 1135 3233 ipsus
1151 3157 1229 3219 boul

56 3278 139 3335 posse
153 3264 331 3325 interimenti
347 3268 462 3327 interim
477 3268 648 3327 consentin-e.
680 3266 750 3324 Hcec
765 3282 796 3325 se
812 3268 853 3325 its
867 3265 975 3327 habore
991 3265 1017 3325 o.
1034 3264 1140 3337 Aciuilo
1154 3280 1225 3341 quo·

56 3382 111 3439 que
126 3360 314 3430 confir-'movit
439 3442 441 3446 Ι

142 3474 189 3534 De
204 3481 282 3535 statu
297 3476 417 3537 senioris
434 3476 565 3536 electoris
580 3479 621 3535 sic
636 3492 668 3534 se
683 3491 731 3535 res
747 3474 842 3535 habet.

144 3579 173 3638 iv
188 3580 260 3639 Julii
279 3583 408 3654 proxime
428 3581 541 3655 elapsa,
562 3583 616 3642 hoc
637 3586 681 3642 est
701 3581 747 3639 die
767 3582 849 3641 Jovis
871 3579 1232 3655 1mstUdulricictesnrco

57 3682 190 3755 majestas
206 3684 352 3744 dominum
370 3685 406 3746 de
421 3684 602 3747 Grandevelo
621 3703 684 3746 cum
705 3685 816 3746 duobus
836 3684 902 3743 liliis
917 3691 947 3743 et
961 3683 1107 3743 doctorem
1123 3678 1231 3755 l'llilln·

637 3894 653 3930 ¹l¹

129 4021 142 4068 1
165 4014 329 4067 Hoffmann?
384 4019 399 4066 2
419 4012 589 4068 lsollicitus?
607 4011 742 4079 pollicitos
761 4024 820 4063 osse
838 4023 875 4061 ss.
