2678 4546
606 154 671 226 187

52 344 129 404 done
144 342 329 418 predicasse.
366 343 492 404 Perinde
512 358 546 404 ac
565 340 636 401 illud
659 341 824 401 mandatum
838 338 892 401 fuit
907 341 1050 401 Christum
1065 359 1223 403 sacramen·

49 457 106 510 tnm
122 450 195 510 solia
209 449 354 523 apostolis
369 447 423 508 sub
438 455 562 524 utraque
577 448 671 522 speeie
686 447 852 520 praebuisse,
868 449 971 506 ceteris
986 464 1043 507 nen
1058 449 1137 505 item.
1154 448 1223 506 Cum

49 556 166 629 Paulus,
182 554 233 627 qui
247 554 328 628 prius
342 559 509 629 persecutor
524 552 629 612 Christi
644 558 673 610 et
689 568 804 610 suorum
820 557 849 610 et
867 558 966 626 postea
981 568 1038 611 non
1054 570 1089 612 ex
1104 570 1221 613 numere

51 660 200 719 duodecim
215 661 414 734 apostolorum
427 656 490 731 fuit,
519 664 614 717 tamen
629 662 838 716 sacramentum
852 656 906 714 hoc
922 658 974 716 sub
989 664 1112 731 utraque
1127 662 1222 733 specie

51 765 182 824 distribui
193 765 291 838 jussit,
308 769 487 823 contestatus
502 780 534 823 se
548 765 590 822 sic
605 763 747 836 accepisse
763 778 780 819 a
796 762 918 819 domino.
944 763 1015 820 ltem
1030 778 1093 820 cum
1107 765 1222 824 dilectio

51 870 128 930 nobis
142 870 215 927 insit
228 886 247 928 a
270 874 377 928 natura
393 867 537 927 Christum
558 867 702 927 dominnm
721 869 768 926 hic
790 868 879 941 magis
894 868 1118 927 moderationem
1134 871 1220 930 ddec-

10 1054 13 1059 .
51 975 132 1034 tionis
148 973 236 1048 quam
250 978 428 1048 praeceptum
444 974 587 1033 stat-uisse.
619 972 774 1030 Dilectioni
789 972 865 1029 enim
881 973 932 1030 bos
947 976 1047 1031 statuit
1063 975 1175 1043 limites,
1190 984 1223 1037 ut

12 1100 16 1163 3
53 1081 133 1138 sicse
150 1080 273 1138 invicem
294 1079 435 1138 charitate
458 1081 715 1151 prosequerentur,
740 1077 814 1135 sient
838 1075 969 1136 Christus
991 1089 1157 1153 prosecutus
1180 1088 1223 1141 est

13 1166 16 1209 ἶ
55 1200 106 1243 ees.
144 1187 220 1243 Item
235 1164 345 1257 quanta
366 1184 451 1256 hujus
471 1182 633 1242 dilectionis
648 1180 829 1255 profunditas
844 1190 929 1255 esset,
951 1199 1036 1255 quam
1052 1202 1134 1243 neruo
1149 1203 1224 1245 mor·

15 1286 19 1353 Ι
54 1290 148 1348 talium
163 1290 260 1350 verbis
275 1289 371 1362 eloqui
385 1292 480 1361 queat.
535 1287 694 1345 Persentiri
709 1292 805 1345 tamen
821 1304 883 1346 eam
898 1288 1013 1346 anobis
1028 1289 1124 1361 aliquo
1139 1290 1222 1349 modo

15 1400 18 1463 ζ
55 1410 132 1467 posse
146 1399 202 1454 etc.
226 1393 317 1465 Deus,
333 1394 384 1465 qui
398 1391 526 1450 charitas
542 1398 596 1464 est,
613 1391 695 1450 uobis
710 1399 738 1450 et
754 1392 827 1451 hene
842 1392 1011 1452 charitatem
1026 1394 1134 1475 donare
1150 1397 1222 1456 etin

15 1478 19 1535 ἶ
55 1516 85 1559 aa
97 1515 291 1573 perseverare
306 1498 448 1572 dignetur.
472 1498 573 1555 Amen.

10 1578 16 1609 ³
135 1603 247 1664 Eadem
262 1602 411 1661 Liberium
425 1601 464 1661 ad
482 1603 613 1661 comitem
634 1617 651 1660 a
667 1602 780 1661 Nasson
796 1601 931 1674 misimus,
955 1604 1009 1676 ipsi
1024 1619 1076 1664 nos
1092 1607 1222 1665 comitem

33 1694 39 1706 ’
55 1709 255 1782 aSchomberg
270 1709 470 1781 convenimus,
497 1713 633 1780 rogantes
648 1714 680 1766 ut
695 1706 813 1766 fratrem
829 1724 910 1766 suum
926 1708 1158 1783 archipraesulem
1172 1728 1220 1771 eo·

54 1832 121 1890 rum,
137 1832 201 1888 quae
216 1814 300 1874 nobis
315 1812 458 1887 pollicitus
473 1818 546 1886 erat,
563 1829 673 1871 memor
689 1828 751 1871 esse
767 1814 863 1887 vellet,
880 1812 1053 1873 hortaretur.

136 1918 248 1978 Eadem
262 1917 432 1977 wilhelmus
450 1933 544 1977 comes
566 1919 792 1992 aWitgenstein
816 1919 962 1978 nobiscum
984 1935 1108 1992 pransus
1129 1926 1173 1979 est
1193 1929 1222 1983 et

56 2022 200 2084 confestim
211 2026 234 2082 'a
251 2021 375 2097 prandio
389 2022 517 2082 Joanues
538 2020 629 2082 irater
648 2030 746 2083 noster
772 2040 834 2081 cum
855 2023 1025 2083 wendelino
1049 2024 1222 2084 Colbeebero

55 2132 107 2191 iter
121 2132 153 2189 in
166 2130 291 2204 puniam
306 2127 446 2201 arripuit,
472 2146 556 2202 quem
572 2128 686 2188 Samuel
702 2133 731 2187 et
745 2126 875 2186 Eubulus
890 2129 928 2187 ad
943 2130 1036 2188 stadia
1051 2130 1161 2202 aliquot
1175 2147 1222 2189 ex·

55 2241 99 2295 tra
112 2236 275 2309 Augustam
289 2230 479 2293 deduxerunt
502 2235 728 2293 Pernoctatnrus
743 2239 839 2293 autem
856 2238 919 2292 erat
934 2249 1028 2292 comes
1042 2235 1171 2293 Joannes
1185 2235 1223 2294 ad

55 2342 193 2402 Werdam
207 2340 344 2414 Danubii,
360 2354 447 2412 quam
461 2340 562 2399 incolae
577 2339 756 2399 Sclrnebiscb
772 2338 876 2398 Werdt
890 2340 1046 2397 nominant,

139 2446 220 2505 Nota
233 2444 421 2505 wandelinus
436 2450 589 2517 antequam
604 2444 698 2505 abiret
712 2443 800 2502 Floro
822 2445 946 2501 omnium
961 2445 1093 2502 comit-um
1108 2446 1222 2505 nomine

53 2550 109 2626 (me
123 2556 224 2610 tumen
237 2546 410 2622 inconsulto)
426 2549 525 2623 edixit,
548 2552 665 2608 comites
680 2548 798 2621 posthac
813 2563 951 2620 expensas
966 2566 1019 2623 pro
1035 2550 1085 2607 illo
1099 2565 1157 2607 non
1172 2565 1221 2608 ex-

52 2656 207 2731 posituros.
231 2654 290 2714 Sed
304 2654 381 2713 idem
396 2654 501 2715 Lindie
517 2654 595 2728 quod
609 2655 706 2713 Floro.

138 2760 228 2819 Venit
240 2759 385 2819 Hauricua
398 2759 528 2834 Winter,
554 2760 689 2819 Werneri
704 2756 794 2830 illiue,
819 2759 867 2830 qui
883 2758 960 2832 apud
974 2758 1158 2816 Franciseum
1173 2776 1223 2819 no·

52 2862 94 2925 bis
108 2882 146 2925 ex
162 2870 246 2938 petre
259 2862 379 2923 fratrem
392 2866 423 2923 in
438 2864 544 2939 Anglia
559 2881 650 2925 annos
662 2865 770 2938 aliquot
784 2862 888 2922 fuerat.
912 2864 995 2921 Nunc
1010 2869 1105 2922 autem
1120 2864 1223 2925 nudius

52 2971 155 3029 tertius
170 2970 332 3043 Augustam
355 2984 419 3027 cum
439 2968 554 3028 domino
575 2968 612 3027 de
632 2969 732 3044 Habyt
750 2970 907 3028 Britannia
923 2974 953 3027 et
973 2969 1131 3042 Anglornm
1146 2973 1222 3046 regis

53 3075 148 3150 legato
163 3074 331 3134 advenerat.

10 3186 14 3197 '
138 3178 208 3239 Mos
223 3179 259 3239 ab
267 3177 369 3253 Anglis
379 3184 512 3239 servatur
527 3179 565 3239 ob
580 3182 676 3239 neseio
692 3196 764 3252 quas
779 3180 983 3238 conventiones
997 3179 1072 3237 inter
1088 3195 1222 3238 caesarem

56 3290 83 3345 at
95 3301 191 3359 reges,
207 3289 241 3343 ut
255 3283 368 3357 Anglioe
385 3284 497 3359 legatus
519 3286 632 3359 integro
655 3285 779 3343 triennio
795 3284 889 3342 aulam
905 3286 1018 3343 caesaris
1034 3284 1223 3357 subsequatur

57 3406 86 3449 ac
98 3405 215 3463 semper
228 3394 338 3463 praesto
352 3390 391 3449 sit
404 3407 456 3448 nec
475 3390 590 3449 interim
605 3391 660 3448 nisi
675 3389 786 3462 magnis
806 3388 842 3448 de
857 3391 949 3448 causis
969 3390 1024 3463 ipsi
1039 3390 1160 3462 patriam
1175 3406 1221 3447 re·

58 3500 151 3567 patere
164 3495 262 3554 liceat.
286 3494 383 3554 Finito
397 3501 492 3554 nutem
507 3495 632 3553 triennio
647 3494 721 3552 alter
741 3495 864 3552 mittitur
878 3494 945 3553 huic
959 3493 1122 3567 succedens,
1137 3494 1222 3567 idque

59 3597 95 3657 tic
106 3599 227 3674 siugulis
242 3600 375 3659 trienniis
388 3601 549 3673 legatorum
564 3600 683 3658 mutatio
699 3598 740 3657 tit.

38 3728 41 3733 ·
140 3704 244 3765 Comes
259 3704 410 3779 Philippus
424 3703 515 3764 irater
528 3711 627 3764 noster
642 3720 704 3762 cum
719 3705 832 3763 Joarnne
847 3704 994 3764 Fridem'co
1016 3707 1139 3765 electore
1155 3723 1221 3779 cap·

25 3842 27 3893 Ι
59 3808 111 3868 tiro
124 3810 262 3870 caenavit.
286 3808 383 3869 Goenae
398 3816 504 3869 nostrae
514 3811 678 3869 Joachimus
687 3809 774 3883 Hagk
789 3811 936 3869 intererat.
960 3811 986 3867 A
1001 3828 1082 3869 coena
1095 3810 1223 3869 Joannes

25 3900 27 3953 ῗ
60 3928 145 3975 comes
160 3931 180 3973 a
194 3914 345 3988 Retbberg
359 3930 412 3973 nes
426 3915 541 3973 invisiit.

60 4060 64 4071 ·
141 4019 323 4102 coloniensis
355 4020 386 4077 in
418 4019 510 4079 bortis
545 4019 768 4093 Grandevelam,
803 4021 865 4092 ejus
896 4036 1012 4079 uxorem
1049 4025 1078 4077 et
1108 4018 1221 4091 liberos,

58 4122 198 4185 dominum
231 4122 269 4183 de
297 4123 405 4182 Bnistri
431 4129 462 4182 et
489 4125 550 4196 ejus
579 4125 743 4197 corrjugem,
775 4124 918 4183 dominum
951 4122 986 4182 de
1013 4124 1104 4195 Lyra,
1135 4122 1224 4181 domi-

58 4244 120 4291 uum
134 4231 171 4292 de
187 4230 336 4306 liquant,
359 4229 504 4289 baronem
517 4229 553 4288 de
567 4228 751 4289 Brabantrou
772 4234 801 4287 et
821 4230 866 4286 cui
881 4229 980 4305 primae
995 4228 1135 4287 debentur
1150 4228 1222 4288 Wil-
