2678 4546
618 56 662 123 83

55 244 184 312 tempore
197 240 366 299 tentationis
381 239 434 299 hoc
448 240 593 299 recedant.
618 240 651 298 ld
666 246 696 298 te
711 255 844 311 rogamus
858 256 911 315 per
920 238 1062 299 Christum
1080 239 1223 300 dominum

55 348 192 403 nostrum.
216 344 319 404 Amen.

141 448 182 521 ,xij
191 449 266 522 hiaji
280 449 311 507 in
326 450 432 524 templo
441 451 584 509 minorum
593 450 751 509 audivimus
761 451 903 524 quendam
914 451 1023 511 anobis
1032 452 1154 511 antehac
1166 468 1224 512 non

55 553 156 627 visum,
179 555 230 625 qui
251 558 283 612 et
302 554 432 613 doctrina
451 561 481 614 et
502 557 631 615 oratione
650 573 708 614 non
729 542 862 617 indoctus
876 557 1035 616 videbatur.
1088 555 1225 629 Praelegit

55 663 151 717 autem
165 658 295 719 ecclesie
310 677 347 718 ex
361 661 461 735 primae
476 661 596 721 Joannis
611 660 740 733 epistola
750 662 844 736 capite
855 664 873 719 2
884 661 945 719 hac
954 662 1057 721 verbe:
1084 661 1129 720 «E
1142 660 1225 721 uobis

54 762 176 836 profecti
191 768 268 837 sunt,
283 763 335 822 sed
350 781 409 825 non
425 771 508 824 erant
522 782 559 825 ex
568 767 658 825 nohis.
705 768 779 826 Nam
795 769 819 825 si
843 766 965 827 fuissent
987 785 1023 828 ex
1037 768 1134 842 nobis,
1156 782 1223 843 per·

54 870 226 928 mansissent
240 871 342 943 utique
357 872 512 945 nobiscum,
526 871 578 931 scd
592 877 625 929 ut
638 870 781 932 manifesti
796 870 907 946 fierent,
925 874 1002 945 quod
1018 890 1075 933 non
1091 874 1150 932 sint
1163 888 1223 933 om·

54 989 104 1032 nes
114 974 272 1035 exncbis.»
298 974 409 1035 Deinde
426 978 480 1036 uit:
498 976 673 1051 Charissimi,
689 978 736 1036 hic
750 994 908 1051 monemur,
924 980 1026 1036 mirum
1036 978 1119 1037 nobis
1134 975 1225 1037 videri

54 1096 111 1138 non
127 1078 243 1153 dehere,
260 1081 285 1137 si
299 1081 429 1138 nonnulli
443 1087 473 1140 et
494 1080 549 1140 hoc
571 1089 699 1155 tempore
715 1101 734 1141 a
748 1083 831 1142 nohis
844 1083 991 1157 recedunt,
1014 1084 1063 1155 qui
1078 1081 1225 1141 nobiscum

54 1184 244 1258 Evangelium
261 1186 384 1259 amplexi
398 1182 529 1256 lucrant,
552 1185 618 1243 dum
633 1185 756 1258 idipsum
769 1192 898 1261 tempore
914 1187 1021 1247 Christi
1036 1193 1065 1246 et
1079 1186 1223 1260 apostolo·

54 1305 117 1346 rum
133 1288 273 1349 accidisse
287 1291 443 1349 videamus.
467 1289 583 1363 Magnes
599 1297 695 1350 autem
709 1293 898 1351 consolationi
917 1292 998 1350 nobis
1018 1292 1064 1363 sit,
1088 1289 1165 1363 quod
1179 1288 1222 1349 di·

55 1394 109 1451 cit:
138 1392 211 1451 «sed
226 1408 262 1450 ex
276 1392 359 1452 nobis
375 1411 432 1453 non
448 1400 528 1467 sunt,
545 1411 643 1453 verum
658 1401 691 1453 ut
705 1395 930 1469 manifestentur,
953 1397 1002 1468 qui
1018 1412 1054 1453 ex
1068 1395 1150 1454 nobis
1165 1410 1225 1457 nou

53 1502 151 1555 sunt»
178 1497 335 1570 Nunquam
349 1499 395 1557 eni
405 1515 471 1556 mex
485 1498 571 1557 corde
586 1501 737 1558 veritatem
755 1502 896 1577 evangelii
910 1505 1106 1574 susceperunt,
1123 1505 1153 1558 et
1167 1499 1221 1558 sci-

54 1619 116 1660 mus
133 1603 274 1675 ejusmodi
288 1601 399 1664 futuros
415 1609 444 1662 et
460 1605 602 1663 dominum
618 1610 649 1663 et
663 1606 807 1676 apostolos
822 1606 1000 1679 praedixisse.
1038 1604 1222 1664 Potissimum

55 1723 131 1785 vero¹
146 1708 226 1766 hisce
247 1707 353 1766 ultimis
373 1709 548 1783 temporibus
572 1710 612 1766 sic
633 1708 812 1767 manifestari
836 1713 965 1784 oportuit
983 1711 1079 1769 odium
1100 1707 1171 1767 Cain
1192 1709 1223 1767 iu

55 1811 176 1872 fratrem
190 1813 336 1872 innoxium
352 1812 479 1873 Ahalam.
526 1813 572 1873 Sic
586 1814 795 1872 inhonestatem
811 1813 900 1873 Cham
914 1815 944 1872 in
959 1812 1116 1873 deridendo
1131 1812 1222 1884 turpi·

56 1917 185 1976 tudinem
200 1918 293 1991 patris
307 1917 408 1992 Nosh,
432 1920 474 1976 sic
495 1935 608 1991 quoque
629 1921 740 1977 animus
762 1935 913 1992 perversus
935 1920 1028 1979 Saulis
1047 1918 1171 1977 innotuit
1192 1918 1224 1976 in

55 2022 255 2096 persequendo
270 2024 408 2096 optimum
423 2023 576 2097 Davidem,
602 2031 632 2083 et
651 2039 701 2082 cor
714 2024 799 2082 Judae
821 2023 976 2097 proditoris
995 2025 1025 2081 in
1044 2023 1223 2083 innocentem

57 2125 209 2184 Christum.
233 2127 273 2186 Et
287 2144 449 2202 quanquam
465 2128 596 2188 dominus
617 2130 691 2187 diem
716 2131 862 2202 statuerit,
885 2131 933 2202 qui
949 2145 1002 2188 nec
1016 2130 1117 2204 procul
1132 2128 1223 2202 abest,

55 2232 84 2289 in
99 2247 159 2304 qua
172 2237 340 2291 cunctorum
355 2232 411 2291 erit
424 2232 570 2306 iudicium,
594 2238 691 2292 tamen
713 2235 793 2308 prius
815 2236 971 2307 nequitiam
986 2236 1125 2293 malorum
1141 2233 1225 2292 deco·

56 2343 185 2410 opertam
199 2336 270 2410 vult,
286 2342 319 2396 ut
333 2352 520 2411 agnoscamus
534 2338 684 2397 veritatem
701 2338 842 2398 dictorum
857 2338 979 2398 Christi:
1003 2339 1084 2398 Nihil
1099 2344 1143 2396 est
1157 2337 1223 2396 abs·

57 2441 213 2516 conditum,
246 2442 326 2514 quod
348 2458 406 2501 non
429 2443 572 2500 reveletur
593 2442 707 2502 domino
732 2443 786 2502 deo
806 2450 904 2502 nostro
920 2443 1072 2501 scrutatori
1095 2442 1224 2502 cordium

58 2551 85 2605 ct
102 2545 253 2620 probatori
272 2563 387 2620 renum,
413 2563 449 2604 ne
469 2547 610 2619 cogitatus
632 2547 746 2620 quidem
766 2553 880 2607 nostros
902 2548 976 2606 clam
990 2563 1060 2605 esse.
1100 2546 1180 2605 Sicut
1193 2546 1223 2603 in

10 2682 15 2763 ἱ
58 2649 178 2724 Saphira
192 2655 223 2710 et
238 2651 351 2711 Ananis
365 2656 494 2709 actorum
506 2653 523 2709 5
540 2654 683 2725 apparuit,
701 2653 750 2724 qui
765 2652 916 2710 subitanea
930 2654 961 2710 in
976 2651 1157 2725 correptione
1171 2665 1225 2722 per

10 2776 17 2829 p
59 2753 173 2813 Petrum
187 2756 345 2828 perierunt.
366 2756 524 2830 Discamus,
536 2758 638 2830 inquit,
654 2758 764 2815 cautius
779 2757 909 2830 mercari,
927 2764 956 2815 ct
970 2760 1097 2815 actorum
1112 2760 1225 2815 nostro·

19 2873 117 2943 mm
126 2861 270 2918 rationem
278 2859 443 2919 habeamus,
468 2860 525 2920 Sed
539 2862 607 2933 quia
621 2860 652 2919 id
663 2877 699 2919 ex
709 2863 791 2921 nobis
801 2863 870 2935 ipsis
883 2877 940 2919 non
955 2875 1114 2934 possumus,
1130 2858 1225 2919 Deum

10 2980 30 3055 g
62 2961 263 3024 ardentissimis
277 2967 352 3024 votis
367 2967 521 3041 pulsemus,
539 2982 594 3038 quo
610 2967 741 3040 spiritum
756 2981 837 3024 sunm
860 2967 966 3024 honum
982 2966 1064 3024 nobis
1080 2964 1176 3036 donet,
1192 2967 1225 3021 ut

18 3098 31 3141 g
62 3064 88 3123 lu
100 3070 246 3140 agnitione
262 3074 292 3128 et
305 3067 481 3129 confessione
497 3068 604 3129 Christi
618 3070 761 3128 constanti
775 3068 832 3128 fide
847 3085 1073 3145 permaneamus.
1104 3067 1168 3125 Nec
1181 3063 1224 3125 oi·

24 3174 34 3259 *3
63 3167 206 3231 laudamur
230 3173 362 3248 exemplo
382 3174 569 3232 recidentium
590 3173 628 3232 ad
643 3174 823 3233 seculumtet
842 3175 873 3233 in
895 3175 1054 3233 tentatione
1078 3170 1226 3230 nobiscum

30 3270 34 3321 ἱ
64 3278 212 3345 persistere
232 3277 399 3336 nolentium.
431 3279 575 3352 Rogemus
591 3281 673 3351 item,
696 3284 729 3336 ut
743 3279 861 3337 verbum
881 3294 963 3336 suum
978 3278 1060 3335 nohis
1076 3274 1182 3334 diutius
1197 3280 1228 3332 et

63 3380 220 3454 relinquere
236 3387 266 3441 et
278 3383 421 3456 impartiri
437 3382 580 3456 dignetur.
604 3383 745 3456 Attende,
762 3400 780 3442 o
795 3383 921 3457 prudens
936 3381 1136 3453 christisequa,
1151 3378 1226 3436 hanc

64 3482 213 3544 dausulsm
229 3501 288 3545 non
303 3486 354 3545 abs
369 3502 401 3544 re
418 3502 435 3545 a
450 3488 699 3546 concionatoribus
714 3487 889 3561 Augustanis
905 3486 1085 3544 concionibus
1101 3490 1132 3543 et
1145 3484 1227 3542 obse·

63 3592 234 3651 cretionibus
248 3592 347 3666 populi
362 3593 458 3666 adjici,
474 3593 498 3650 si
513 3595 638 3650 animum
653 3596 750 3651 vertas
761 3598 790 3650 et
799 3591 984 3663 retrospicias
999 3589 1036 3648 ad
1051 3585 1225 3664 pontificium

62 3696 88 3752 et
100 3695 312 3769 Epicureorum
326 3696 461 3756 subdolos
476 3703 604 3770 conatus,
620 3701 768 3771 potentum
782 3695 944 3765 vecordiam
960 3700 989 3752 et
1003 3694 1081 3766 vulgi
1097 3690 1225 3749 christia·

54 3814 159 3858 norum
174 3800 224 3878 (de
239 3801 275 3859 iis
290 3801 409 3874 loquor,
434 3802 483 3873 qui
503 3801 582 3874 vulgi
601 3801 747 3873 ingenium
768 3805 941 3872 sequuntur,
964 3797 1075 3857 etiamsi
1089 3796 1227 3864 trisreges

60 3904 116 3964 tlnt
129 3906 175 3964 vel
196 3901 355 3980 principes)
377 3905 415 3965 ad
435 3904 604 3964 Antichristi
628 3922 698 3979 opes
712 3907 898 3979 respicientis,
921 3911 951 3962 et
964 3902 994 3960 id
1009 3899 1087 3975 apud
1102 3913 1161 3970 cos,
1177 3896 1226 3968 qui

59 4010 183 4081 potiores
199 4009 276 4068 inter
295 4025 347 4068 nos
367 4009 458 4067 videri
477 4010 599 4067 volunt·
624 4010 687 4066 Hoc
703 4008 778 4068 Catti
801 4008 843 4067 illi
865 4015 894 4064 et
910 4009 1059 4079 diligentes
1074 4001 1156 4061 verbi
1170 3998 1226 4059 Dei

40 4110 272 4187 =dispensatores
288 4113 404 4185 lyncaeis
419 4114 508 4171 oculis
523 4113 709 4186 prospiciunt,
740 4113 809 4171 Ideo
825 4111 942 4171 oviculis
958 4111 1116 4167 acclamant
1130 4114 1161 4165 et
1175 4122 1224 4163 eas

963 4217 981 4270 6
999 4212 1013 4244 l*
