2678 4546
668 38 734 109 232

91 179 141 206 m-

114 235 273 295 soriharum
290 247 372 293 more
390 231 508 306 loquar,
531 241 754 303 recessusuper
774 223 861 285 duces
879 224 1022 286 Ioannem
1036 223 1218 285 Fridericum
1236 223 1285 284 den
1329 222 1333 299 j

116 339 248 399 Mittlern
265 344 294 398 et
308 339 449 398 Ioannem
461 334 645 395 Wilhelmum
660 336 690 391 et
701 332 844 391 Ioannem
858 329 1037 390 Fridericum
1048 331 1196 404 juniorem
1207 331 1286 390 Saxo
1304 348 1307 357 ·

115 446 173 504 uiae
187 443 332 518 principes
353 440 543 501 confirmatas.
582 439 655 496 Item
673 416 786 498 litteras
806 435 1002 495 conventionis
1021 435 1099 494 inter
1114 433 1286 496 Guntherun
1331 476 1333 481 -

117 551 248 608 comitem
268 554 297 607 et
311 563 423 607 socrum
443 561 478 604 ex
497 549 581 618 parte
600 543 699 602 uxoris
718 545 824 601 nostrae
845 547 875 600 et
892 539 1032 615 legendas
1050 541 1188 614 praehuit.
1225 542 1288 600 Hac

118 659 214 714 autem
233 651 294 712 iere
315 656 378 711 erat
399 665 508 709 summa
528 650 616 708 totius
637 647 762 722 negocii,
786 647 869 705 utin
888 644 963 704 diem
977 645 1118 705 Mercurii
1136 647 1287 721 proximan

58 743 62 755 ⁸
118 776 212 820 comes
228 757 393 817 Guntherus
409 756 503 815 senior
521 755 598 814 intra
613 754 712 814 urbem
727 750 854 839 Arustad
868 751 906 812 ad
920 767 1021 811 manus
1035 757 1153 811 nostras
1168 752 1289 812 traderet

120 881 221 925 novem
236 864 321 922 milia
330 861 504 924 florenorum
519 863 548 919 et
562 877 614 920 nos
629 859 745 919 nomine
759 858 857 918 uxoris
872 863 979 918 nostrae
994 857 1142 932 omnihus,
1165 874 1230 932 quoe
1244 874 1288 931 per

117 973 281 1030 conhactus
305 969 510 1029 Wimarienses
534 967 617 1026 annis
641 965 748 1025 domini
773 965 857 1023 1525
883 968 913 1023 et
935 961 977 1022 38
1001 967 1167 1022 transactos
1190 978 1301 1025 renus-t

120 1075 269 1134 ciaremus.
669 1120 672 1123 .
726 1075 740 1122 s

207 1179 317 1239 Eadem
332 1178 502 1252 conscriptae
522 1181 590 1236 sunt
603 1176 708 1236 litterae
723 1174 948 1234 renunciationis
963 1177 1005 1248 et,
1029 1172 1072 1232 uti
1087 1178 1209 1246 vocant,
1233 1173 1287 1247 qui-

118 1284 288 1357 autumna,
305 1284 374 1341 item
389 1281 561 1341 dimissionis
576 1287 712 1341 tutorum.
1007 1278 1011 1287 '

208 1388 319 1447 Eadem
334 1386 463 1446 dominus
472 1385 608 1446 Albertus
620 1387 670 1445 xix
684 1389 797 1460 partem
812 1385 912 1458 psalm.
927 1387 987 1444 119
1004 1384 1148 1459 exposuit,
1165 1384 1288 1474 nimirum

121 1496 209 1553 hanc:
235 1493 336 1552 Iustus
357 1508 402 1567 es,
424 1492 551 1566 domiue,
575 1497 604 1551 et
622 1497 732 1550 rectum
749 1489 887 1570 judicium
905 1495 986 1550 tuum
1001 1495 1054 1550 ato.
1093 1489 1203 1551 Docuit
1221 1487 1289 1564 quod

120 1599 213 1658 solum
233 1598 279 1657 dei
299 1598 415 1658 verbum
437 1614 473 1657 ex
488 1598 564 1657 omni
583 1601 666 1670 parta
686 1600 796 1655 rectum
816 1598 867 1670 sit,
889 1601 919 1656 et
933 1611 997 1669 quae
1017 1596 1055 1656 sit
1071 1596 1188 1669 iustitia
1201 1609 1289 1654 corun

120 1702 175 1762 deo
191 1703 298 1762 valens.
322 1703 395 1761 Item
410 1719 495 1775 quam
511 1702 586 1762 serio
603 1701 673 1760 deus
683 1709 735 1760 sua
750 1706 861 1775 praepta
876 1702 987 1761 servari
995 1701 1178 1775 preceperit,
1190 1701 1290 1761 scihcet

122 1807 176 1867 sub
187 1809 348 1883 perditione
361 1808 491 1885 corporis
499 1811 528 1866 et
538 1808 650 1866 animae.
666 1808 738 1865 Item
748 1806 784 1866 de
793 1807 855 1866 zelo
869 1807 991 1882 piorum.
1006 1806 1047 1864 Et
1058 1805 1136 1866 hanc
1149 1805 1290 1867 octoadem

22 1960 24 1965 .
122 1929 186 1973 esse
205 1915 448 1987 comparationem
467 1913 549 1987 regni
569 1906 675 1970 'Christi
695 1916 724 1970 et
743 1910 851 1972 diaboli
870 1928 923 1987 per
942 1912 1099 1971 antithesin
1117 1914 1289 1972 monstrarit

122 2019 195 2077 Item
211 2017 247 2076 de
264 2017 424 2078 differentia
440 2019 519 2077 zelus
538 2021 568 2076 et
586 2018 647 2075 irae.
686 2018 759 2075 Item
778 2016 856 2090 quod
875 2017 994 2076 verbum
1014 2014 1124 2076 domini
1144 2016 1289 2078 dilucidum

122 2137 181 2181 non
203 2123 342 2182 sooratIoa
364 2128 414 2183 aut
433 2123 578 2196 platonica
601 2122 747 2197 doctriua,
771 2124 822 2183 sed
843 2123 975 2183 doctrina
992 2122 1094 2184 salutis
1113 2124 1200 2183 nullis
1219 2124 1291 2182 iuro

125 2226 214 2286 lucris
228 2226 358 2299 insipidae
373 2228 505 2288 humanae
527 2228 676 2302 sapientiae
695 2227 879 2303 involvenda,
903 2244 957 2287 nec
970 2227 1057 2286 aliam
1073 2245 1161 2304 quam
1180 2227 1291 2289 eandam

123 2335 153 2389 et
164 2336 333 2407 perpetuam
346 2333 472 2392 ecclesiae
485 2347 538 2405 per
551 2332 682 2406 spiritum
698 2349 720 2391 s.
735 2333 843 2392 edoctae
856 2333 1123 2407 interpretationem
1136 2333 1290 2394 admittere.

122 2437 195 2495 Item
217 2453 302 2508 quam
324 2438 394 2496 utile
415 2444 443 2498 et
458 2439 616 2512 jucundum
631 2441 669 2497 sit
687 2438 743 2500 hoc
762 2441 893 2512 verbum3
918 2438 1056 2499 amuudo
1078 2441 1253 2511 contemptui
1268 2444 1291 2495 ct

123 2544 272 2617 perexigui
287 2545 373 2618 pretii
388 2543 562 2620 habeantur,
585 2523 698 2620 tamen,
719 2547 744 2603 si
758 2546 846 2606 verbo
866 2543 991 2605 fideliter
1011 2544 1190 2620 adhaereant,
1212 2560 1246 2603 eo
1267 2559 1291 2601 sa

124 2649 303 2707 consolantes
319 2665 353 2708 ac
368 2666 418 2723 spe
433 2652 493 2710 laeti
508 2653 538 2710 in
553 2652 607 2710 deo
621 2653 733 2726 vivunt,
754 2668 808 2711 neo
822 2651 860 2711 ob
872 2652 1064 2711 tentationum
1078 2650 1224 2724 proeellas
1237 2665 1291 2708 ser·

123 2771 238 2813 monum
254 2755 360 2813 domini
380 2757 424 2814 sui
439 2757 657 2831 obhdscantur‚
680 2758 736 2815 illis
757 2774 814 2817 non
834 2759 958 2817 humano
979 2773 1065 2815 sensu
1086 2755 1255 2816 aestimanda
1269 2761 1292 2811 et

124 2858 253 2934 corporis
269 2865 298 2917 et
313 2861 414 2919 animae
430 2862 623 2921 emolumenta
637 2862 703 2921 hiuc
715 2863 889 2936 contingere.
911 2864 983 2922 Item
997 2879 1098 2941 rursus
1113 2860 1151 2920 de
1166 2876 1236 2920 vera
1249 2860 1292 2918 illa

122 2964 249 3037 justitia,
266 2979 301 3023 ea
315 2966 435 3040 scilicet,
454 2983 511 3039 qua
526 2983 578 3027 nos
595 2968 664 3026 deus
679 2973 763 3040 pater
777 2985 830 3043 per
845 2970 1031 3031 mediatorem
1047 2968 1195 3027 Christum
1206 2968 1293 3042 justas

124 3074 256 3144 reputat,
281 3076 310 3129 et
325 3089 374 3146 ea,
399 3090 455 3146 qua
470 3073 540 3160 deus
552 3077 646 3148 justus
662 3074 768 3151 judex,
792 3077 871 3150 cujus
887 3077 1059 3135 senteutiam
1080 3075 1122 3133 nil
1137 3078 1293 3133 creatorum

124 3175 249 3250 effugere
258 3184 569 3254 potest‚persecutores
578 3182 707 3240 veritatis
717 3187 746 3240 et
755 3183 854 3242 atheos
862 3181 1061 3242 illoshomines
1069 3182 1149 3254 juste
1156 3179 1294 3253 etjudicat

124 3292 154 3344 et
161 3288 253 3360 punit,
261 3287 308 3345 hic
315 3287 457 3345 disseruit.
474 3287 569 3362 Atque
577 3287 623 3345 hic
632 3287 839 3360 digressionem
851 3286 921 3348 iecit
930 3287 968 3347 ad
979 3294 1080 3348 nostra
1091 3287 1156 3346 haec
1169 3293 1294 3362 tempora

125 3396 154 3448 et
169 3389 268 3450 Cattos
282 3388 293 3426 ¹
313 3392 365 3451 hos
380 3397 531 3467 tyrannos,
553 3394 602 3467 qui
616 3393 735 3453 verbum
751 3394 858 3453 domini
872 3393 910 3454 ad
924 3411 1006 3453 suam
1017 3371 1158 3454 'Lesbiam
1172 3395 1293 3468 regulam

124 3496 219 3569 aptari
238 3497 345 3557 volunt.
384 3500 502 3558 Interim
523 3499 575 3558 sihi
596 3516 659 3558 cum
682 3501 740 3558 suis
761 3501 938 3559 interimistis
959 3500 1087 3559 homiues
1107 3499 1178 3560 balli
1197 3505 1228 3560 et
1241 3500 1294 3558 suis

85 3599 87 3603 ’
125 3601 260 3677 operibus
275 3605 347 3678 justi
367 3605 466 3666 haberi
487 3607 613 3680 cupiunt.
653 3607 726 3665 Item
746 3606 824 3679 quod
850 3607 896 3665 lex
916 3605 1024 3664 domini
1045 3606 1155 3664 veritas
1175 3606 1226 3681 sit,
1247 3620 1294 3663 uos

124 3713 221 3768 autem
236 3714 265 3769 et
280 3712 375 3769 omnia
395 3716 495 3770 nostra
514 3711 699 3770 mendacium.
740 3714 810 3772 Imm
827 3729 912 3786 quarn
931 3727 1065 3785 magnum
1081 3712 1198 3785 quidem
1218 3711 1257 3771 sit
1269 3711 1295 3768 in

123 3815 187 3889 ipsa
201 3815 363 3874 calamitate
378 3821 408 3876 et
422 3817 555 3890 periculis
571 3824 712 3890 praesente
727 3823 910 3892 persecutore
925 3820 955 3876 in
970 3816 1115 3876 mandatis
1130 3817 1235 3877 divinis
1249 3816 1294 3875 de·

123 3920 226 3980 lectari
241 3927 270 3981 et
284 3938 302 3981 a
317 3923 404 3983 verbo
420 3924 482 3995 ejus
499 3922 616 3982 deviare
635 3924 720 3983 nolle.
759 3925 832 3983 Tum
853 3925 927 3983 enim
947 3939 1011 3982 eam
1028 3939 1196 3984 mansuram
1211 3939 1295 3998 spem,

703 4062 718 4097 a

195 4146 209 4190 1
229 4148 325 4198 catos?
