2678 4546
608 64 674 133 ldb

139 252 254 315 Eadem
278 252 418 328 magister
446 248 633 311 Sebastianus
659 247 796 311 Glaserus
829 250 911 311 nobis
939 251 1089 328 epistolam
1118 252 1223 313 domini

92 358 182 435 ilippi
194 356 390 419 Melanthonis
410 356 448 416 ud
463 354 699 429 christophorum
714 354 864 415 Carlewitz
887 357 1015 417 exhibuit
1029 374 1064 417 ac
1078 358 1223 419 uobiscum

92 468 183 525 mans
196 470 252 523 ost

140 566 249 629 Oblata
262 573 309 628 est
322 565 405 626 nobis
419 567 613 627 ecclesiastica
627 563 802 640 reformatio,
823 582 888 640 quae
902 584 965 627 cnm
980 570 1169 651 interimente,
1180 571 1222 629 in-

92 674 137 733 im
151 678 297 750 prognata
310 677 364 733 est.
388 672 470 733 Tunc
484 670 578 731 edocti
593 686 689 731 sumus
705 688 790 744 quum
805 688 862 732 non
878 674 961 745 pauci
977 674 1043 746 sint,
1062 675 1112 747 qui
1126 674 1222 734 annici-

92 796 123 839 m
136 795 197 840 non
209 776 268 840 lida
282 779 335 839 sad
349 793 482 838 successu
496 779 659 836 metiuntur.

139 886 328 946 Huxeriensis
343 885 443 945 civitas
458 884 584 958 quinque
595 883 685 943 millio
694 882 868 945 florenorum
879 887 980 944 caesari
993 884 1099 958 pendet
1114 891 1143 944 et
1157 900 1223 944 cen·

92 1006 111 1050 n
125 1004 231 1051 aureos
245 1006 299 1066 pro
312 991 417 1050 litteris
436 988 623 1051 absolutionis
643 993 673 1049 et
687 992 845 1066 nonaginta
863 991 894 1049 in
916 991 1022 1064 popina
1036 990 1222 1049 cancellariae.

92 1097 189 1171 simus
202 1096 305 1157 eadam
319 1096 367 1157 die
381 1094 590 1155 transactiones
613 1096 728 1153 caesaris
750 1096 835 1170 huius
856 1094 951 1155 Caroli
967 1096 991 1154 V
1012 1112 1076 1154 cum
1092 1097 1222 1155 electori-

92 1218 103 1261 s
116 1205 149 1263 et
162 1202 285 1263 statibus
299 1200 412 1276 imperii
420 1215 509 1274 snper
518 1202 578 1259 suis
592 1199 784 1261 hereditariis.
806 1201 914 1261 Eadem
930 1205 960 1260 in
975 1203 1078 1274 plateis
1087 1204 1224 1277 Augustae

92 1307 231 1369 moinum
248 1311 317 1367 unte
337 1305 415 1366 iores
433 1308 613 1382 papistarnm
632 1307 714 1381 ignes
733 1306 840 1368 iebant
859 1316 888 1368 et
911 1308 1024 1368 choreae
1047 1307 1224 1367 ducebantur

92 1413 242 1495 mucram,
265 1417 298 1472 ut
311 1412 436 1486 ulabant,
452 1412 481 1471 d.
497 1412 566 1485 Viti,
584 1409 710 1470 arbitror
725 1413 796 1486 ejus,
813 1429 898 1487 quem
913 1411 988 1473 Galli
1003 1413 1052 1472 vii.
1066 1413 1222 1487 appellant.

138 1518 189 1593 xvj
203 1518 285 1579 Junii
296 1519 328 1578 in
341 1518 449 1593 templo
463 1517 597 1577 Mauritii
620 1517 648 1575 d.
665 1518 794 1577 ioannes
809 1517 951 1577 Henricus
967 1519 1110 1593 reliquum
1124 1520 1222 1578 lectio-

92 1666 108 1701 .,
124 1640 214 1700 qnam
228 1624 276 1686 dio
289 1625 371 1685 ioris
385 1626 516 1700 proxime
531 1624 630 1697 elapsu
645 1638 790 1696 exponere
812 1638 964 1697 eggressus
981 1630 1033 1699 est,
1050 1625 1222 1699 explanavit,

92 1728 208 1791 ondens
222 1728 365 1804 quomodo
379 1728 408 1789 d.
424 1729 532 1789 Paulus
548 1731 578 1788 in
592 1730 646 1789 hoc
662 1732 756 1805 capite
771 1735 810 1788 14
825 1746 883 1789 non
898 1746 956 1790 uno
971 1737 1139 1805 argumento
1154 1747 1222 1791 con·

92 1837 209 1899 honen
222 1835 303 1896 illam
316 1833 428 1896 futilem
443 1852 480 1895 ex
495 1836 597 1897 animis
612 1841 672 1896 mun
686 1836 855 1901 iudaeorum
878 1852 962 1908 quam
979 1837 1104 1910 gentium
1119 1836 1222 1895 rudici·

92 1958 98 2001 ι
111 1942 240 2003 ommate
254 1948 373 2002 conatus
389 1942 437 2016 sit,
452 1942 630 2015 potissimum
643 1941 753 2014 judicio
769 1940 876 2000 Christi
891 1943 955 2000 illos
972 1941 1129 2001 deterrens.
1161 1940 1224 2001 Hoc

92 2054 147 2110 tan
159 2048 226 2109 loco
240 2046 316 2108 idern
329 2047 456 2107 ioannes
470 2047 612 2107 ilenricus
635 2046 731 2105 multis
752 2050 923 2120 potestatem
939 2046 1043 2105 Christi
1067 2048 1222 2121 scriptura·

132 2153 304 2216 testimoniis
318 2152 414 2228 palam
429 2148 598 2226 affirmavit,
623 2147 753 2212 indicans
774 2152 917 2226 quomodo
931 2153 977 2211 hic
993 2151 1123 2212 dominus
1133 2152 1225 2226 iudex

92 2276 184 2325 rorum
204 2263 234 2318 et
253 2262 430 2318 monitorum
452 2258 623 2318 constitutus
643 2264 673 2317 et
694 2274 779 2331 quam
801 2258 905 2317 nullius
926 2275 1056 2333 personae
1075 2264 1224 2334 respector

92 2414 98 2428 .
119 2368 195 2429 Item
210 2363 288 2439 quod
301 2368 425 2424 ventura
437 2363 476 2421 sit
489 2360 563 2421 horu
576 2362 626 2422 illa
641 2369 671 2423 et
686 2363 746 2423 dias
761 2365 790 2423 in
811 2381 868 2437 qna
883 2363 1013 2424 Christus
1036 2382 1088 2423 rex
1102 2381 1156 2439 pro
1171 2365 1222 2423 tri·

92 2472 151 2533 nali
165 2469 270 2531 sedem
284 2467 321 2528 ab
335 2466 466 2527 omnibus
481 2468 650 2528 mortalibus
672 2470 739 2528 vitoe
759 2470 804 2528 vel
820 2485 973 2544 perperam
988 2472 1033 2528 vel
1055 2470 1144 2544 probe
1159 2485 1224 2544 per-

92 2582 124 2643 h
138 2582 170 2637 et
184 2574 326 2637 dictorum
345 2573 486 2633 radonem
508 2576 678 2646 accepturus
693 2575 739 2632 sit,
774 2573 814 2633 Et
829 2590 913 2648 quam
928 2573 1084 2634 benevolus
1099 2579 1128 2633 et
1141 2575 1225 2633 mise·

92 2698 144 2745 urs
158 2680 191 2740 in
205 2694 256 2740 eos
269 2675 396 2752 iuturus,
423 2678 473 2753 qui
494 2694 529 2737 ex
548 2684 628 2739 reeta
650 2679 797 2739 voluntate
817 2684 846 2739 et
861 2681 937 2739 omni
956 2681 1061 2739 mentis
1077 2680 1224 2740 conamine

92 2774 169 2849 item
182 2783 308 2846 fidentes
330 2783 419 2844 verbo
438 2783 501 2856 ejns
525 2789 555 2842 et
572 2783 715 2843 mandatis
737 2785 767 2842 in
791 2784 924 2844 haesita
945 2784 1137 2845 obedientiam
1151 2802 1225 2860 prae-

92 2908 130 2953 πο
143 2892 273 2967 cupiunt.
312 2891 423 2950 Rursus
447 2904 534 2963 quam
551 2893 683 2948 austerus
699 2891 728 2948 in
744 2906 809 2965 eos,
833 2893 883 2964 qui
905 2891 1002 2950 mundi
1018 2891 1159 2951 elementa
1173 2891 1223 2951 eli-

92 3002 153 3061 utes
166 2996 247 3057 omni
258 2995 403 3069 idolatria,
419 2994 563 3068 superbia,
579 2993 693 3053 luxuria
708 3001 738 3054 et
751 2995 782 3055 id
797 3012 887 3070 genus
907 2998 1041 3056 vitiorum
1063 3002 1224 3078 contempto

92 3112 151 3179 rum
167 3102 313 3163 salvatore
326 3100 437 3176 seipsos
452 3105 688 3174 conspurcarunt.
713 3099 814 3161 Obiter
825 3118 938 3176 quoque
949 3102 1063 3175 docens,
1081 3102 1165 3175 quale
1176 3103 1224 3175 ju·

92 3208 159 3271 nm
174 3210 208 3283 is,
226 3209 322 3282 quise
337 3221 451 3280 aequum
461 3204 586 3280 judicem
601 3213 741 3281 praestare
756 3207 812 3267 dici
826 3207 903 3281 velit,
931 3206 1008 3266 ferre
1024 3206 1136 3265 debeat.
1168 3207 1224 3267 Lo·

92 3330 118 3379 ι
130 3313 331 3373 uutembune:
346 3312 483 3385 Vivoego
499 3311 569 3371 dicit
578 3311 718 3385 dominns,
736 3329 792 3371 non
805 3313 931 3373 delector
943 3320 1035 3373 morte
1051 3313 1139 3388 impii,
1156 3312 1225 3386 quin

92 3406 144 3497 &a
159 3434 225 3479 cum
239 3422 402 3477 revertetur
417 3418 521 3492 impius
538 3419 567 3475 in
583 3419 629 3477 ria
645 3433 697 3478 sua
712 3423 742 3477 et
756 3419 869 3478 vixerit.
903 3418 1107 3477 convertimini
1123 3417 1158 3477 de
1173 3419 1226 3478 viis

92 3525 157 3587 ih'ls
172 3522 270 3599 malis,
295 3538 347 3581 cnr
369 3522 444 3581 enim
464 3523 623 3583 moriemini
645 3521 744 3582 domus
768 3525 884 3583 Israelis
907 3540 941 3583 ex
957 3539 1019 3597 cap.
1038 3526 1077 3582 33
1094 3524 1226 3583 Ezechiel

92 3630 215 3693 muter
229 3627 371 3703 exposuit.
401 3626 462 3687 Nos
484 3627 754 3704 commonefaciens,
771 3630 840 3701 quia
854 3645 902 3688 res
918 3646 949 3688 se
964 3631 1005 3687 sic
1020 3628 1172 3702 haberent,
1194 3633 1226 3686 ut

92 3736 178 3813 belua
191 3749 247 3810 pro
262 3747 294 3793 se
309 3734 372 3807 ipso
386 3734 529 3793 rationem
543 3734 710 3794 redditurus
725 3736 775 3810 sit,
796 3734 879 3795 caute
901 3735 931 3792 in
946 3734 1001 3794 hoc
1015 3733 1110 3794 seculo
1126 3730 1224 3790 umbu-

92 3846 194 3927 iunus,
220 3856 310 3899 unum
328 3839 427 3899 iesum
448 3838 592 3900 Christum
613 3839 820 3913 redemptorem
841 3846 871 3899 et
885 3840 1056 3899 salvatorem
1070 3851 1226 3911 agnoscen-

92 3944 221 4027 ffquem,
238 3946 263 4005 si
278 3949 361 4005 extra
374 3946 467 4020 ipsum
482 3946 569 4005 vitum
584 3946 800 4019 instituerimus,
813 3944 939 4017 judicem
953 3943 1162 4002 severissimum
1178 3956 1226 4000 en·

92 4054 169 4117 hri
182 4053 283 4126 simus,
297 4056 432 4111 caventes
447 4051 562 4110 interim
576 4066 613 4109 ne
627 4050 747 4110 invicem
763 4067 815 4110 nos
829 4048 914 4108 facile
926 4047 1127 4121 judicaremus.

92 4146 126 4217 ’1.τῖ
141 4158 172 4221 Δ
183 4157 325 4220 condona
338 4155 493 4232 hospitium
508 4155 654 4219 Wilhclmi
669 4156 790 4231 comitis,
813 4170 869 4229 quo
880 4154 942 4227 jam
955 4157 1016 4212 tum
1031 4150 1134 4213 Florus
1148 4154 1225 4214 ahie·
