2678 4546
613 204 675 269 ¹53

55 404 110 460 que
125 384 230 446 triano
243 394 355 459 terame
369 400 436 443 tum
449 384 597 457 l'elberglr
617 398 646 443 et
666 384 813 458 Stephano
833 383 945 459 lelellit,
968 388 1039 445 nihil
1059 394 1155 447 haren
1175 408 1227 463 po·

56 500 158 563 utun,
182 491 236 550 sed
248 491 449 549 honestissime
462 490 557 547 lusum
571 499 625 548 est.

141 596 274 654 Instante
294 595 367 652 bora
389 610 482 653 cam
503 612 605 652 rursus
628 596 707 653 laute
730 595 852 652 uiximus
873 610 927 653 nee
949 598 1101 669 qnisquam
1123 616 1229 657 mense

54 700 263 775 archiepiscopi
276 704 385 773 praeter
398 716 458 771 eos,
481 702 531 772 qui
544 701 576 758 in
590 702 727 758 comitatu
741 699 887 757 wilhelmi
901 699 1025 773 tulerant,
1047 703 1227 762 assederunt.

55 807 190 865 Potatum
205 803 321 876 quidem
334 810 379 861 est
393 804 512 876 largius
535 804 576 861 ita
591 810 687 862 tamen
702 814 734 862 ut
749 803 849 861 ninculus
864 805 1058 865 adhiberetur.
1124 854 1127 859 .

140 910 170 966 A
184 924 269 967 omna
282 908 515 982 arcbiepisuopns
529 907 712 967 ltillrelmum
733 909 864 965 connum
882 910 921 967 ad
939 926 1055 967 currum
1075 928 1165 983 nsque
1179 910 1229 970 de-

56 1013 144 1073 duxit
175 1013 250 1071 Inde
263 1018 295 1070 ct
308 1027 361 1069 nos
379 1011 596 1085 archiepiscopo
615 1013 807 1070 valedicentes
826 1014 997 1085 rogabamus
1015 1026 1057 1087 ut,
1081 1015 1159 1086 quod
1180 1032 1229 1074 co·

56 1135 113 1176 mea
133 1117 308 1175 wilhelmus
328 1118 421 1174 nostri
442 1117 558 1175 nominc
576 1117 615 1174 ab
635 1132 670 1174 eo
692 1118 824 1189 petierat
848 1128 988 1188 praestare
1007 1120 1104 1177 reum.
1142 1120 1230 1194 Spem

56 1222 156 1287 bonurn
171 1221 262 1280 dedit
292 1221 462 1279 conscensis
475 1222 565 1293 igitur
578 1222 661 1292 equis
675 1223 833 1294 Augustam
848 1223 1012 1294 repetimus.
1043 1222 1119 1281 Dum
1132 1232 1230 1282 autem

58 1327 92 1386 ad
108 1328 302 1387 Wernitziam
320 1342 431 1383 amnem
452 1326 596 1396 uenimus,
618 1326 742 1382 rusticus
764 1325 880 1397 quidam
901 1326 984 1384 uobis
1006 1327 1118 1385 obuiam
1142 1328 1229 1399 uenit,

59 1447 235 1504 praemonens
248 1430 325 1489 rada
337 1428 462 1488 llunnnis
477 1429 670 1488 exundatione
684 1445 824 1501 aquarum
840 1429 957 1505 dnupta
974 1447 1046 1488 esse.
1077 1431 1152 1490 Xanr
1166 1448 1230 1490 cunr

60 1551 89 1595 eo
107 1537 157 1595 die
178 1535 284 1594 ooelunr
305 1534 409 1593 sudum
429 1540 506 1592 osset
526 1540 557 1592 et
577 1535 646 1592 solis
666 1535 801 1606 splendor
820 1535 924 1606 acrior,
947 1536 1053 1608 alpinae
1076 1538 1155 1595 uires
1169 1536 1230 1596 sole

61 1639 191 1698 mnlectae
205 1639 238 1696 in
252 1640 362 1711 Lycum
375 1637 538 1698 diffluentes
553 1640 583 1695 in
597 1648 710 1697 ceteros
724 1637 825 1697 fluuios
839 1656 871 1697 se
885 1648 1088 1711 exonerarunt
1107 1648 1138 1699 et
1152 1642 1231 1700 iutra

61 1760 174 1816 parumn
187 1744 244 1803 hoc
257 1745 395 1817 emporis
414 1744 547 1816 spatium,
570 1761 628 1816 quo
647 1746 678 1801 in
692 1743 817 1816 l'elberg
830 1745 994 1817 agebamus,
1017 1744 1122 1803 flumen
1140 1761 1230 1803 exuu-

63 1848 118 1906 dan'
130 1847 271 1907 luceant
301 1849 395 1920 igitur
414 1864 510 1905 comus
529 1847 699 1905 ll'illaelmus
717 1864 734 1905 e
748 1864 834 1905 curru
849 1855 878 1905 et
898 1864 951 1906 nos
966 1850 1070 1920 reliqui
1084 1851 1167 1921 equis
1181 1849 1230 1908 de·

63 1953 224 2013 §tendentes
238 1950 453 2010 manualia
472 1949 596 2010 fluminis
616 1950 689 2009 rada
709 1968 840 2023 quarere
856 1954 1003 2025 jussimus,
1027 1954 1082 2026 ipsi
1101 1952 1231 2028 pedestri

21 2046 29 2139 j
64 2057 160 2117 itinere
175 2058 336 2130 Angustam
350 2073 441 2129 usque
455 2057 564 2114 oereati
578 2056 784 2115 oontendinrns.

22 2146 25 2151 ¹
141 2160 209 2219 llex
221 2159 425 2219 Ferdiuundus
439 2168 470 2220 et
482 2159 557 2221 filius
575 2162 639 2232 ejus
658 2161 872 2219 Maximilionns
891 2160 1030 2219 arelridux
1048 2161 1174 2219 Austrioe
1192 2161 1230 2220 ob

63 2264 253 2325 salubritatem
268 2266 346 2322 aeris
359 2266 390 2323 in
404 2282 456 2324 rus
470 2268 577 2339 ierant,
600 2281 673 2337 quos
689 2272 718 2322 et
733 2264 935 2338 obequitantes
951 2266 1082 2324 uidimus,

142 2370 228 2428 Araia
241 2370 482 2443 lutberge-situs
497 2372 705 2429 amoenissimus
720 2376 773 2441 cst,
797 2373 846 2443 qui
866 2371 975 2429 scilicet
989 2371 1149 2443 ‚lngnstum
1164 2386 1228 2427 rer·

63 2488 104 2531 sus
117 2473 157 2532 ob
174 2489 342 2547 camporum
359 2475 508 2546 planitiem
526 2475 764 2548 jucundissimum
786 2484 967 2546 prospectum
988 2475 1091 2545 babet,
1114 2491 1150 2532 ex
1170 2474 1230 2533 alio

12 2628 17 2645 ,.
62 2575 155 2651 utare,
177 2594 243 2635 curn
257 2580 296 2635 sit
309 2594 398 2652 snper
410 2577 511 2636 collem
532 2578 682 2651 aedificata,
704 2580 891 2637 monticulosa
911 2585 956 2636 est
974 2579 1066 2636 bortis
1087 2583 1117 2635 et
1130 2577 1230 2636 unctis

10 2676 19 2783 ἱ
63 2684 150 2742 mens
163 2699 226 2741 non
239 2684 341 2755 procul
355 2699 373 2742 a
388 2684 476 2756 sylvis
490 2685 582 2756 regis,
606 2700 671 2755 quae
688 2683 811 2741 ferarum
826 2681 1009 2739 lemnissimac
1024 2687 1101 2738 sunt.

143 2788 201 2847 Est
215 2794 246 2846 et
266 2787 305 2845 ad
319 2788 429 2846 decline
443 2789 548 2845 montis
562 2789 593 2845 in
612 2789 732 2863 planitie
752 2787 888 2858 tenquum
902 2785 976 2844 dirae
991 2783 1171 2858 Redigundae
1185 2799 1230 2842 sa·

63 2908 147 2967 crum,
172 2908 239 2963 quae
259 2892 351 2950 isthac
371 2908 390 2950 a
409 2892 524 2949 rusticis
542 2893 655 2964 colitur,
679 2892 757 2965 apud
778 2891 856 2963 qnod
876 2892 944 2949 olim
959 2888 1159 2949 Perdinandus
1178 2906 1230 2948 rer

16 2982 26 2991 ⁵
59 3013 76 3055 a
97 2997 202 3057 Carolo
223 2995 316 3055 franc
335 2996 461 3053 Austriae
485 2994 619 3053 ducatum
638 2997 749 3068 accepit
771 3002 800 3053 et
820 2996 856 3054 ab
878 2995 979 3053 eodeni
999 2997 1029 3052 in
1049 2992 1231 3052 archiducem

60 3101 248 3176 inauguratus
268 3105 329 3171 est,
351 3116 442 3172 quare
462 3105 493 3159 et
512 3101 607 3172 magui
629 3100 767 3174 triumphi
787 3101 892 3158 ibidem
913 3105 981 3158 ante
1003 3115 1094 3158 anuos
1116 3104 1182 3157 octo
1201 3103 1232 3156 et

60 3205 156 3265 decern
169 3204 263 3264 babiti
277 3210 354 3262 sunt.

143 3311 304 3382 Augustam
319 3309 465 3367 uenientes
479 3308 510 3365 in
524 3308 610 3366 domo
625 3309 735 3366 comitis
750 3309 896 3367 ll'ilhebni
911 3309 1052 3365 Ernestns
1067 3304 1229 3363 uSchaum-

32 3406 35 3411 ’
53 3413 135 3489 berg,
158 3414 311 3486 Philippus
331 3418 362 3472 et
383 3412 500 3469 Samuel
519 3429 538 3471 a
557 3413 677 3471 ll'aldec
696 3430 753 3471 una
775 3418 867 3472 erant.
898 3413 968 3470 Post
988 3411 1099 3484 repotia
1120 3410 1230 3467 veniam

54 3526 190 3595 petentes
205 3518 403 3578 Waldecciani
418 3516 542 3590 hospitia
556 3533 608 3574 sua
623 3523 733 3591 petunt.

143 3623 224 3682 Nota
242 3621 280 3680 de
301 3621 485 3680 contentione
507 3621 585 3679 inter
604 3622 717 3682 Hacum
738 3621 895 3681 etinctum
914 3635 959 3676 mo
979 3618 1099 3677 absente
1121 3618 1230 3677 habita.

55 3720 180 3786 Domina
193 3725 328 3798 pnnceps
343 3723 381 3783 ad
394 3724 606 3796 landtgravium
622 3728 755 3785 maritum
769 3725 856 3782 missa
871 3723 985 3781 dicitur.

144 3830 248 3889 Werla
268 3824 455 3901 Westplr'aliae
478 3829 586 3888 etalio
608 3832 720 3903 aliquot
742 3830 805 3887 loca
827 3828 973 3885 dioceseos
996 3826 1174 3885 Coloniensis
1196 3839 1232 3882 ex

62 3934 283 4008 conflagratione
299 3933 433 3992 domuum
447 3934 571 3991 maxima
585 3934 763 3992 incommoda
778 3948 915 4005 perpessa
930 3936 1005 3988 sunt..

144 4039 386 4111 archiepiscopus
406 4036 586 4096 Coloniensis
607 4040 802 4112 septingentos
822 4036 945 4096 florenos
965 4037 1040 4091 intra
1061 4032 1233 4102 septimanas

71 4141 158 4218 inimi
171 4161 227 4218 pro
242 4143 419 4203 aromatibus
439 4146 469 4200 ct
489 4142 680 4201 condimentis
699 4141 844 4214 expendit.
883 4141 1014 4198 Alienum
1036 4136 1110 4194 enim
1130 4136 1167 4195 ab
1187 4135 1232 4193 bis

61 4241 139 4311 laus
152 4249 219 4311 filiis
234 4255 294 4325 cst,
319 4247 421 4309 iamenu
437 4249 575 4322 optimum
589 4264 652 4306 esse
667 4247 885 4306 condimentum.
