2678 4546
693 39 757 95 tte

224 205 357 274 Kettcler
377 205 489 272 nubiles
510 211 552 268 cis
573 205 705 269 Rhenum
725 205 935 284 archiepiscopi
960 206 1140 267 Coloniensis
1161 204 1193 265 in
1217 203 1309 266 uest·

135 319 234 396 phallu
248 316 480 377 archicemerarii
494 320 570 373 sunt

223 438 244 481 x
257 422 338 481 Junii
358 421 390 479 in
410 419 517 494 templo
537 418 670 477 Macrini
686 417 760 478 hora
780 423 918 479 consueta
936 416 1091 477 decocta
1107 422 1178 475 suut
1196 416 1308 474 mnes

135 542 220 587 sacra
233 532 263 584 et
276 520 454 599 potissimum
468 539 533 597 que
546 521 586 583 ad
598 518 782 581 animandum
796 519 908 597 plebem
923 517 1031 580 Christi
1047 516 1080 580 in
1098 517 1178 579 hisce
1197 526 1305 592 tempo

134 629 215 689 ribus
232 628 373 702 facerent,
397 628 488 702 qualis
508 633 566 687 est:
588 627 653 686 Nisi
673 626 754 686 Deus
772 633 836 686 erat
853 628 884 684 in
903 627 1000 701 nohis,
1023 625 1103 685 dicat
1116 639 1194 684 nnuc
1208 623 1305 683 Israel.

134 735 208 794 Item
230 734 310 793 Dens
330 733 473 808 retugium
496 738 527 791 et
545 732 649 806 virtus,
679 738 710 791 et
730 733 826 791 oratio
846 731 990 790 domiuica
1009 728 1233 802 paraphrastica
1255 735 1305 787 ete

134 831 247 899 Deinde
260 839 392 897 minister
405 838 532 898 ecclesiae
548 850 602 911 pro
616 843 753 911 suggestu
767 839 855 909 caput
872 837 912 895 18
927 834 1061 894 Mathai
1074 831 1219 908 preroga
1249 832 1305 890 lla·

133 943 196 1004 bite
213 942 316 1003 deinde
335 939 514 1001 confessione
533 941 650 1016 publica
667 946 699 999 et
718 940 918 1000 obsecratione
937 955 991 1013 pro
1011 937 1162 998 ordinibus
1181 937 1306 998 ecclesie

133 1053 199 1122 etc,
222 1048 357 1122 posthoc
371 1045 400 1106 d
416 1062 452 1105 ex
469 1062 533 1118 cap.
557 1047 596 1102 15
611 1045 733 1104 Joannis
746 1045 810 1103 haec
822 1044 913 1103 rerba
925 1044 1056 1117 repetiit:
1083 1042 1172 1101 «Nou
1189 1043 1305 1115 posthac

130 1149 198 1212 dico
219 1168 271 1210 ros
293 1165 406 1222 servos,
434 1150 504 1222 quia
523 1163 625 1207 servus
647 1150 750 1222 nescit,
777 1149 851 1221 quid
872 1147 960 1207 meiat
978 1146 1112 1207 domiuus
1134 1148 1209 1220 ejus.
1251 1147 1304 1205 Vos

133 1260 232 1313 autem
252 1254 312 1313 dixi
331 1255 453 1327 amicos,
475 1254 547 1325 qnia
564 1253 677 1328 omnia,
701 1269 765 1326 quoe
785 1253 883 1313 audiri
903 1269 940 1312 ex
958 1258 1043 1327 patre
1061 1267 1141 1326 meo,
1164 1257 1236 1312 uota
1254 1249 1304 1310 ieci

132 1357 233 1417 vobis«
251 1363 305 1416 etc
332 1357 430 1416 PrImo
444 1357 533 1429 igitur
546 1357 588 1416 ait
600 1357 631 1415 iu
644 1359 809 1416 memoriam
823 1357 987 1417 revocanda
1000 1354 1206 1416 antecedentia
1221 1356 1302 1424 dica

132 1462 266 1520 nhnirum
282 1461 364 1533 quod
378 1457 509 1520 (hristus
528 1460 646 1521 dixerit:
670 1462 849 1535 Praeceptum
868 1460 936 1522 dedi
955 1460 1037 1520 robis
1058 1465 1093 1518 ut
1109 1457 1240 1534 diligatis
1258 1474 1303 1517 ros

132 1566 262 1640 Invicem,
278 1571 308 1624 et
322 1564 400 1638 qnod
414 1563 456 1625 eis
470 1582 502 1624 se
515 1567 609 1639 ipsum
622 1567 709 1641 hujus
723 1568 860 1640 precepti
873 1567 1034 1640 exemplum
1050 1565 1186 1640 prebens
1201 1565 1301 1638 inquit:

130 1669 213 1729 Sicut
226 1686 280 1744 ego
293 1668 384 1729 dilexi
401 1687 466 1745 vos,
490 1677 520 1730 et
538 1687 627 1744 quarn
646 1688 706 1731 uon
724 1672 836 1746 vulgari
856 1671 1009 1732 dilectione
1029 1686 1079 1730 eos
1097 1669 1250 1743 diligeret,
1272 1683 1302 1726 ex

130 1790 167 1834 eo
181 1780 293 1848 patere,
316 1775 394 1849 qnod
415 1775 493 1850 dicit,
516 1777 654 1849 maiorem
673 1777 842 1835 eharinoem
863 1791 948 1835 nemo
966 1774 1063 1848 hahet,
1087 1789 1176 1848 quam
1194 1778 1229 1831 ut
1245 1770 1299 1831 ani·

130 1895 207 1938 mam
221 1896 303 1938 snam
317 1879 367 1939 det
381 1896 435 1952 pro
449 1880 547 1938 amicis
561 1882 621 1939 suis
636 1884 691 1939 etc
720 1880 808 1952 Quod
821 1881 915 1954 ipsum
934 1885 965 1938 et
982 1881 1046 1953 ipso
1059 1893 1151 1953 opere
1169 1877 1300 1953 postridit

130 1984 194 2056 cius
208 1983 267 2042 dlei
280 1984 426 2057 prestitit
455 1984 528 2042 Item
547 1984 625 2056 quod
643 1999 701 2043 non
721 1984 814 2043 solum
834 1982 981 2059 discipulis
999 1983 1053 2042 sed
1071 1983 1156 2044 nobis
1175 1983 1297 2043 omnibu

128 2092 303 2160 preceptum
318 2087 467 2146 cher-itatis
481 2087 602 2148 dederit
631 2090 705 2148 Item
719 2088 797 2162 quod
814 2105 873 2148 non
892 2089 932 2147 sit
946 2087 1061 2147 difficile
1080 2095 1224 2162 proestare
1238 2087 1296 2146 che

128 2191 258 2262 ritatem,
286 2189 413 2249 iufirmm
432 2189 565 2266 ustam,
594 2209 715 2268 corpore
736 2194 829 2252 nudos
849 2194 971 2266 restire,
1000 2192 1176 2252 esmientem
1197 2192 1295 2258 cibam,

129 2293 274 2353 sitientem
290 2299 360 2365 potu
375 2292 547 2369 refocillare,
571 2302 601 2355 et
614 2298 640 2355 si
655 2297 725 2369 quid
739 2296 880 2370 ejusmodi
894 2297 987 2357 simile
1005 2303 1058 2356 est
1089 2298 1199 2356 Verum
1212 2295 1294 2357 omni

128 2397 182 2457 bus
196 2398 241 2456 his
255 2399 347 2470 majus
362 2398 409 2472 sit,
432 2400 555 2459 animam
569 2418 623 2475 pro
641 2403 732 2460 audeo
748 2404 886 2474 posuisse.
916 2403 989 2461 Item
1010 2401 1088 2475 quod
1108 2403 1134 2460 si
1149 2403 1191 2460 sic
1205 2415 1292 2460 neom

126 2503 199 2562 sitas
213 2502 361 2563 charitatis
377 2502 539 2564 christiane
555 2507 660 2580 exigat,
684 2523 720 2566 ne
736 2513 765 2565 et
779 2522 831 2564 nos
849 2506 957 2564 irnitmi
973 2504 1117 2564 Christum
1137 2507 1169 2564 in
1183 2503 1292 2564 hoedo

127 2613 292 2667 trectcmns.
323 2610 396 2667 Item
417 2611 465 2682 qui
480 2607 541 2682 fiat,
565 2616 597 2668 nt
612 2610 742 2669 Chmstns
761 2610 899 2682 apostolis
915 2608 1004 2668 dicat:
1028 2609 1155 2668 Posthac
1169 2626 1227 2670 nnn
1239 2608 1293 2667 dico

128 2727 179 2770 uos
195 2728 303 2784 seruos,
326 2729 390 2770 cum
404 2719 502 2770 temen
516 2720 582 2785 post
596 2715 835 2774 resurrectionem
850 2720 879 2773 et
894 2715 1089 2773 ascensionem
1104 2713 1212 2774 Christi
1227 2715 1291 2773 Pun-

126 2811 175 2871 lus
189 2815 229 2872 de
243 2831 275 2872 se
290 2815 352 2887 ipso
368 2814 488 2874 scribat:
512 2817 619 2875 Paulus
638 2825 756 2877 vocatus
775 2818 922 2893 apostolas
937 2823 967 2876 et
985 2833 1086 2876 serens
1100 2817 1173 2877 Jesu
1188 2814 1290 2877 christ.

127 2916 211 2976 Sicut
226 2933 279 2976 nec
293 2933 350 2975 non
364 2919 493 2977 Ioannes
508 2900 538 2976 in
553 2923 720 2996 apocalypsi
734 2923 771 2982 de
785 2939 817 2982 se
831 2925 894 2995 ipso
909 2924 1042 2995 loquens:
1057 2923 1188 2983 Ioannes
1204 2934 1290 2983 servit

126 3022 199 3080 Iesu
223 3018 404 3092 Christietc.
443 3022 528 3082 Adde
546 3024 605 3098 his,
631 3024 708 3098 qnod
729 3027 859 3086 Christus
879 3027 1034 3100 apostolis,
1058 3044 1231 3101 quamquam
1252 3038 1290 3086 eet

126 3126 235 3184 amicos
249 3127 369 3198 vocarit,
392 3133 537 3199 precepta
556 3129 678 3203 dederit,
701 3149 764 3190 cnm
784 3140 881 3190 nmen
903 3133 1062 3205 precipere
1081 3148 1140 3190 non
1162 3135 1200 3192 sit
1220 3127 1290 3191 auid

125 3229 181 3288 sed
201 3229 317 3287 domini.
355 3230 414 3288 Sed
436 3231 509 3290 hanc
528 3232 616 3306 huJus
637 3237 681 3293 rei
703 3237 873 3297 solutionem
896 3252 959 3294 esse
982 3236 1024 3294 ait
1037 3235 1202 3312 Masculus,
1225 3231 1289 3311 quod

128 3331 260 3390 Christus
275 3335 420 3406 apostolos
436 3352 492 3394 non
508 3354 605 3396 servos
621 3338 706 3398 dicat.
737 3341 794 3401 Sed
805 3342 939 3414 quamde
958 3341 1016 3398 siut
1033 3348 1203 3414 peccatores
1217 3347 1246 3401 et
1258 3341 1289 3399 in·

126 3433 203 3494 fimae
224 3439 310 3495 sortis
332 3438 473 3513 homines,
497 3448 593 3502 tamen
614 3461 668 3516 pro
687 3445 802 3519 amicis,
826 3461 884 3504 non
907 3460 960 3518 pro
981 3446 1072 3504 serris
1095 3445 1233 3506 dnmnrus
1252 3445 1288 3502 sit

127 3540 261 3614 Exempli
276 3558 377 3614 causa,
402 3544 427 3601 si
441 3546 505 3617 quis
525 3546 612 3606 herus
632 3548 737 3607 habeat
756 3565 883 3622 seruum,
904 3549 952 3606 cui
971 3549 1122 3608 exanimo
1142 3551 1216 3611 berte
1233 3547 1290 3608 vehit

124 3660 163 3703 ac
184 3645 265 3703 unice
288 3646 390 3721 diligat
407 3664 442 3706 ac
460 3649 502 3707 illi
521 3657 633 3710 secreta
652 3669 705 3711 sne
722 3653 887 3725 concredat,
911 3667 967 3711 non
988 3659 1126 3727 tauquam
1144 3673 1229 3717 seruo
1248 3648 1289 3712 sed

126 3754 161 3808 ut
174 3750 275 3823 amico,
298 3751 364 3810 licet
387 3768 487 3811 servus
509 3755 547 3812 sit
565 3761 620 3815 ete.
658 3756 764 3815 hier-ito
783 3764 879 3816 eutem
898 3757 999 3815 lesum
1020 3757 1168 3818 dominnm
1188 3758 1287 3821 noant

123 3855 183 3913 etsi
202 3855 257 3927 ipsi
276 3871 307 3914 se
326 3856 404 3930 ipsos
425 3873 524 3917 servos
544 3857 650 3933 dicant,
674 3861 741 3920 licet
761 3861 798 3921 ab
818 3860 918 3920 eodem
938 3861 1022 3920 amici
1043 3870 1191 3925 vocentur.
1227 3864 1288 3923 Nm

123 3961 240 4017 temetsi
256 3959 385 4019 Christus
404 3976 453 4020 eos
474 3962 581 4020 amicos
601 3963 674 4023 dixit
688 3972 718 4024 et
738 3967 845 4037 optimo
857 3967 922 4038 juro
942 3982 1005 4024 eam
1021 3966 1192 4040 dignimem
1207 3960 1287 4041 magnii

124 4064 261 4121 momenti
284 4065 387 4123 ducere
411 4063 567 4138 debebant,
592 4085 650 4129 non
668 4075 765 4130 autom
785 4068 839 4128 hoc
859 4070 913 4130 sibi
934 4071 1003 4143 ipsis
1018 4072 1159 4134 elatiores
1179 4071 1286 4134 eradere
