2678 4546
608 74 672 142 let

50 259 185 321 ‘lendum
203 266 304 320 mutuo
318 257 401 319 nobis
414 256 511 319 fauste
525 260 556 319 in
571 259 684 320 Christo
699 268 850 335 precantes
866 262 915 321 ille
930 264 1044 322 domum
1060 282 1154 340 suam,
1171 284 1225 341 ego

53 370 151 426 autem
166 365 206 425 ad
219 364 373 437 hospitium
388 363 546 438 regredior.

143 471 273 531 Joeunes
297 468 418 530 Gosolus
440 468 579 530 ducentos
602 476 631 529 et
653 472 862 546 quinquaginta
886 471 1011 533 florenos
1035 475 1073 533 ud
1093 476 1226 536 bimestre

53 583 167 651 tempus
182 574 266 635 nobis
282 579 381 655 mutuo
395 574 484 634 dedit.

141 680 294 740 Fsmulum
309 680 346 740 ed
362 679 513 740 Glaserum
528 682 605 755 misi,
629 688 660 740 ut
676 682 700 738 si
716 683 764 754 qui
780 683 817 741 ud
832 684 988 757 prinoipem
1009 702 1089 745 suum
1113 688 1225 747 litteras

53 787 122 847 dure
136 787 233 860 uellet,
255 802 305 844 eas
320 785 399 844 ocius
414 784 624 859 conscriberet,
646 803 712 845 nam
726 805 771 846 me
787 788 839 847 sub
856 792 986 847 octavam
1001 790 1067 848 hinc
1084 792 1224 852 discessu·

52 909 125 953 rum.
148 892 268 952 Interim
281 891 312 949 in
327 890 461 964 hospitio,
478 906 542 964 quae
558 891 596 950 ad
611 889 815 965 profectionem
831 895 994 953 necessarie
1010 902 1103 969 erant,
1119 914 1223 970 parare

50 1000 131 1073 iussi.

142 1102 281 1164 Volebam
297 1107 327 1161 et
342 1101 369 1160 d.
385 1101 537 1161 Nicolaum
552 1101 646 1161 Maier
660 1104 823 1177 convenire,
840 1119 938 1162 verum
955 1107 979 1164 is
995 1108 1120 1167 nondum
1138 1127 1156 1167 a
1171 1100 1221 1170 do-

54 1210 129 1269 mino
144 1207 283 1270 Udalrioo
297 1223 430 1269 reversus
446 1212 518 1265 eret.
594 1189 597 1193 ’

142 1316 215 1374 Post
229 1316 378 1388 septimam
395 1329 496 1372 rursus
510 1313 644 1372 Liberius
660 1314 864 1388 Obernbu1·ger
879 1317 948 1375 adit.
974 1318 1038 1391 Ego
1053 1319 1224 1379 Atrebatem·

57 1439 113 1483 sem
128 1422 284 1482 conuenire
299 1421 395 1479 statui.
426 1419 474 1477 Ad
489 1420 597 1476 curiam
612 1423 708 1476 autem
724 1420 854 1490 praesulis
870 1423 986 1480 veniens
1006 1422 1112 1481 ibidem
1133 1419 1222 1483 Dido·

58 1543 118 1586 uem
133 1544 153 1586 a
166 1525 373 1599 Kniephausen
399 1525 503 1582 inveni.
534 1524 580 1581 Ex
602 1525 658 1583 boc
680 1523 858 1598 querebam,
883 1528 953 1600 quid
971 1529 1146 1588 marschalco
1168 1530 1222 1589 Pa-

59 1632 187 1707 ponheim
201 1647 257 1706 pro
272 1646 351 1688 more
366 1646 402 1688 ex
416 1635 481 1688 ectu
498 1630 547 1689 illo
561 1629 724 1689 deberetur.
748 1631 916 1706 Respondit,
934 1632 1005 1690 nihil
1014 1650 1142 1709 prorsus,
1158 1652 1222 1693 num

61 1752 112 1797 nou
124 1736 241 1797 memini
256 1736 361 1795 selme
376 1737 422 1795 vel
437 1735 568 1793 comitem
584 1735 759 1810 eRethberg
775 1739 926 1810 quicquam
941 1737 983 1795 illi
999 1738 1122 1797 dedisse.
1147 1739 1223 1798 Dum

61 1842 150 1917 lnqne
163 1839 202 1901 de
216 1839 389 1900 redimendis
404 1841 507 1898 litteris
522 1840 707 1914 remissoriis,
732 1848 763 1900 ut
777 1849 894 1915 uocant,
918 1858 969 1900 nos
984 1844 1040 1902 duo
1056 1843 1220 1903 confabula-

62 1964 163 2022 remur,
186 1951 350 2021 opportune
372 1945 531 2005 Zuichenus
550 1952 703 2004 asturcone
724 1952 821 2005 vectus
843 1948 948 2006 ibidem
971 1948 1061 2007 adest.
1101 1950 1146 2007 Ex
1168 1950 1223 2009 hoc

61 2052 140 2129 igitm·
153 2052 361 2126 Kniephunsen
376 2052 487 2125 singule
501 2051 660 2110 sciscitatus
675 2059 762 2125 atque
777 2052 839 2111 haec
854 2052 971 2112 edoctus
987 2060 1044 2128 est,
1067 2055 1131 2114 illes
1146 2055 1222 2116 infru

64 2160 194 2221 ducentos
209 2156 334 2217 florenos
349 2173 408 2216 non
422 2157 534 2216 redimi.
566 2156 644 2217 Note
660 2165 756 2218 eutem
771 2160 857 2219 aliem
872 2176 934 2219 esse
950 2162 1091 2220 rationem
1113 2179 1221 2236 eorum,

63 2280 175 2339 quorum
189 2263 388 2339 possessiones
402 2277 492 2321 cesar
507 2262 593 2320 alicui
608 2264 644 2323 ub
654 2281 688 2323 eo
697 2266 742 2323 vel
752 2281 945 2339 possessorem
955 2267 1137 2326 redimendes
1146 2269 1222 2327 dono

64 2368 179 2445 dederit,
204 2373 365 2439 eteorum,
390 2383 407 2425 e
429 2367 532 2439 quibus
553 2383 644 2426 caesar
659 2371 720 2442 ipse
736 2369 869 2428 mulctam
885 2372 998 2444 accipit.
1032 2372 1078 2428 En
1094 2374 1221 2446 priorum

64 2476 128 2537 uhu
141 2475 297 2551 largitione
311 2479 362 2532 aut
376 2472 499 2548 propina
514 2475 690 2533 cancellarius
706 2475 751 2552 (ut
767 2473 897 2548 vocant),
921 2476 975 2533 hoc
998 2484 1041 2535 est
1063 2477 1220 2537 scribarum

65 2580 196 2656 oestuo,
214 2579 386 2639 centesimus
400 2595 530 2636 nummus
546 2579 629 2638 cedit.
661 2581 726 2639 Mos
742 2583 817 2639 enim
833 2585 876 2637 est
893 2586 997 2653 tonant,
1014 2586 1046 2638 ut
1061 2588 1172 2654 vocant,
1189 2589 1221 2640 ut

65 2700 150 2746 turum
170 2683 264 2745 uerbo
285 2688 365 2758 utar,
394 2683 555 2742 litterarum
579 2683 651 2742 heri.
697 2685 754 2744 Sed
777 2685 814 2743 ad
837 2685 1058 2744 Atrebatensem
1081 2692 1220 2746 revertar.

66 2788 172 2853 tumus
191 2794 289 2851 autem
310 2792 375 2849 erat
393 2788 473 2847 illum
494 2791 646 2849 convenire
667 2808 701 2848 ac
723 2791 830 2864 gratias
851 2791 893 2848 illi
912 2807 1013 2866 agere3
1038 2793 1088 2851 sed
1107 2800 1220 2866 tempus

67 2894 235 2959 illabebatur
249 2901 280 2955 ot
293 2895 449 2955 timendum
463 2895 532 2952 mihi
548 2892 656 2970 inerat,
680 2912 716 2954 ne
732 2900 799 2954 ante
814 2901 944 2954 nostrum
968 2897 1075 2956 abitum
1098 2913 1221 2957 noveroe

68 2999 150 3063 ubam
164 3003 299 3061 intraret.
331 3000 521 3073 Quamobrem
538 2999 712 3059 cubiculario
728 3003 868 3076 episcopi,
886 3017 950 3073 quae
965 3002 1036 3061 bero
1052 3020 1104 3062 sno
1119 3001 1221 3062 referri

65 3104 191 3182 rdobm,
205 3105 352 3179 mandavi,
368 3122 402 3165 ac
415 3104 487 3164 illud
502 3106 613 3164 consilii
627 3108 698 3180 cepi,
715 3111 747 3164 ut
756 3105 927 3180 Pinzingero
939 3108 1056 3182 proesuli
1072 3125 1089 3165 e
1104 3109 1221 3167 secretis

69 3210 306 3286 timumempro
319 3212 473 3271 honorario
489 3210 627 3269 darentur
642 3227 676 3268 ac
691 3212 715 3269 is
732 3227 783 3268 nos
799 3213 875 3285 apud
891 3214 1054 3285 episcopum
1070 3216 1220 3271 excusatos

70 3308 179 3391 hbmet,
195 3322 374 3376 cicestrum
388 3317 541 3391 majestati,
559 3317 582 3373 si
598 3317 724 3387 posthaec
740 3318 800 3388 eJus
810 3333 897 3389 opera
905 3318 1073 3390 indigerem,
1091 3316 1220 3375 sedulum

72 3420 268 3483 nlidtetorem
291 3429 405 3497 ageret,
429 3438 515 3496 quum
537 3421 685 3494 pecuniam
705 3422 840 3479 Liborius
862 3438 880 3480 u
899 3438 943 3479 me
964 3424 1087 3495 occepit,
1112 3439 1176 3481 num
1197 3424 1220 3480 is

75 3520 191 3603 dunatus
205 3528 301 3588 adbuc
316 3532 536 3600 pernoctaturus
552 3532 624 3585 erat.

77 3650 85 3703 t
142 3632 254 3695 Deinde
268 3634 401 3693 comitem
416 3650 433 3693 e
448 3632 562 3692 Nussau
578 3639 660 3706 peto,
682 3634 731 3704 qui
748 3647 800 3690 nos
815 3647 920 3689 mensae
936 3634 1062 3691 assidere
1078 3649 1112 3690 ao
1123 3634 1219 3705 jenta-

78 3734 150 3809 ,Μ
163 3755 259 3801 mcum
274 3754 387 3799 sumere
398 3739 494 3811 jussit.
524 3739 551 3796 A
563 3737 708 3811 jentaculo
724 3737 779 3811 ipsi
795 3737 935 3797 discessus
951 3738 1006 3795 mei
1021 3738 1161 3796 rationem
1176 3737 1219 3793 in·

80 3834 138 3921 β,
151 3846 257 3921 metius
271 3845 314 3903 illi
330 3859 385 3918 pro
399 3845 458 3903 suis
474 3840 619 3901 beneficiis
635 3848 664 3901 ct
679 3843 783 3902 collata
797 3859 850 3918 pro
867 3859 911 3901 me
927 3857 1132 3915 operatorem,
1154 3837 1221 3899 offc-

82 3950 128 4025 μ
138 3964 198 4009 mea
212 3947 309 4011 officie
323 3951 353 4007 et
366 3949 409 4007 sic
424 3949 449 4006 ei
465 3949 636 4007 valedicens.
667 3947 780 4006 Donavi
801 3965 865 4006 eum
885 3949 997 4005 interim
1019 3961 1100 4018 equo.
1132 3943 1221 4003 Dedit

84 4050 227 4115 illenim
243 4054 398 4126 caballum,
422 4070 480 4113 non
495 4054 712 4128 permutationis
728 4070 796 4126 ergo
813 4053 864 4111 sed
884 4052 920 4111 ob
940 4066 1056 4121 causes,
1081 4065 1153 4122 quas
1174 4049 1221 4109 hic

86 4148 160 4218 ints
172 4160 308 4221 mundare
323 4173 567 4233 supervacaneum
583 4164 635 4218 est.
667 4158 833 4233 Perplacuit
847 4155 916 4214 mihi
932 4157 992 4213 haec
1012 4172 1067 4214 vox
1087 4154 1219 4230 hominis,
