2678 4546
660 66 731 137 il!

195 252 587 332 Poncqunsehnd
608 252 805 316 duodecumam
827 250 1128 330 ierepiseatumest,
1153 256 1282 331 inpage

109 363 345 424 iiiddornbrseln
359 360 513 437 prunilium
526 362 706 435 sumpsimus.
729 361 757 419 A
771 360 895 436 prandio
908 376 1010 419 rursus
1023 361 1175 435 piscnooni
1189 361 1282 421 indul·

109 471 206 528 simus.
243 468 410 528 Piscatores
422 472 520 527 autern
539 468 616 526 retia
629 465 779 525 duodecim
800 467 1009 540 couigrvernnt
1028 472 1059 524 et
1070 468 1188 525 summis
1201 467 1281 527 labo-

109 575 188 633 ribus
201 588 301 648 operm
314 572 473 632 mmbnnt.
495 573 602 632 Verum
616 588 670 631 nec
681 573 806 646 conspici
817 572 934 645 quidem
944 587 982 630 ne
997 570 1089 630 dium
1103 572 1169 646 capi
1183 587 1282 631 esoeoe

109 683 254 752 potnmc
295 676 404 738 Uxoris
426 682 458 736 et
477 679 571 737 nostri
596 678 712 737 nomine
739 677 887 738 dimidium
912 677 1056 736 ibaldum
1076 678 1109 735 in
1130 677 1282 751 propinem

108 783 301 858 piscatoribus
315 783 455 843 dedimus.

197 889 259 949 Sub
276 904 428 963 respuam
441 886 641 963 Wolltgangus
659 902 754 946 comes
773 903 792 946 a
810 886 948 946 Gleiclren
963 886 1183 948 Rudelstadinm
1204 886 1281 945 venit

109 992 1012 1066 etAnnaaSebncbeumVolckmuroallaynreversisnnt.

196 1099 310 1158 Eadem
327 1097 498 1158 Wilbclmns
516 1099 613 1159 senior
635 1113 730 1158 eomes
751 1097 789 1157 ab
807 1098 981 1173 Henneberg
1003 1097 1070 1158 filice
1094 1114 1153 1157 sna
1175 1096 1280 1157 Galba·

111 1208 178 1266 rinae
195 1207 349 1279 accipitres
363 1220 400 1264 ex
413 1203 554 1263 Ilminaiae
569 1204 657 1277 sylvis
672 1210 838 1278 procreatos
852 1204 938 1263 misit.

194 1311 264 1372 Non
277 1311 380 1386 procul
393 1326 412 1369 a
424 1309 637 1369 Nidernhaselu
650 1314 733 1369 tram
748 1308 844 1368 Salam
859 1325 912 1368 arx
923 1310 1130 1381 weissenburg
1145 1315 1175 1368 et
1189 1322 1281 1381 pagus

115 1424 155 1477 est
169 1415 322 1476 Oolckwita
336 1415 473 1475 nobilium
488 1414 525 1473 dc
540 1413 651 1473 Tbuen.

194 1521 275 1580 Nota
290 1519 407 1580 domina
420 1534 519 1579 socrus
533 1527 602 1580 ante
615 1535 705 1579 annos
720 1520 883 1593 quindecim
897 1520 927 1577 in
942 1520 1107 1579 comitatum
1122 1519 1280 1578 Schwartz·

112 1627 180 1702 burg
202 1625 283 1686 uenit
301 1626 356 1686 sub
376 1626 545 1686 intestinum
566 1626 673 1686 bellum
695 1624 857 1686 Germania
885 1639 940 1698 per
961 1624 1113 1685 seditiosos
1138 1623 1280 1698 agricolas

115 1738 217 1792 notnm
230 1747 309 1790 anno
327 1731 422 1790 1625.

194 1835 342 1898 Salveldia
360 1842 392 1897 et
408 1835 545 1910 quiequid
563 1843 609 1896 est
622 1838 709 1911 hnjns
729 1842 839 1897 nactus
858 1836 898 1897 ad
912 1836 1009 1896 Solam
1028 1836 1096 1895 olim
1118 1835 1236 1895 ditionis
1251 1840 1281 1895 et

113 1942 178 2014 jnris
193 1940 388 2002 Orlemnndici
402 1947 433 2002 et
447 1942 687 2018 Schwartzburgii
699 1941 763 2001 fuit.

196 2046 279 2106 Intra
292 2047 459 2122 oppidulum
473 2046 645 2108 Rudelstndt
663 2064 680 2106 e
699 2047 788 2108 nobili
807 2049 945 2123 prosapia
963 2047 993 2105 bi
1008 2050 1278 2106 commemorantur:

116 2149 235 2212 loannes
254 2153 397 2228 Hearing,
421 2153 565 2213 Henricus
584 2170 603 2213 a
621 2152 797 2227 Witnlebcn,
821 2151 1000 2227 Sebonleldt,
1020 2151 1161 2226 Georgius
1181 2151 1279 2223 Heise,

118 2256 259 2333 Philippus
273 2274 292 2317 a
306 2258 389 2318 leno.

194 2363 275 2422 Noto
288 2361 326 2422 de
340 2367 498 2437 quemme,
521 2363 572 2437 qui
589 2378 654 2422 cum
669 2364 730 2437 jam
746 2366 809 2424 neci
829 2363 1008 2440 adjudicatus
1028 2370 1105 2423 esset
1119 2379 1178 2423 non
1191 2378 1279 2421 unum

117 2465 148 2524 ob
159 2465 268 2526 turtum
282 2471 313 2526 ct
326 2468 424 2527 uxoris
439 2473 547 2527 nostrae
560 2467 694 2542 precibus
712 2485 730 2528 a
745 2470 861 2529 domina
880 2486 966 2529 socru
980 2471 1040 2528 vita
1055 2469 1178 2528 donatus
1192 2470 1279 2541 esset,

117 2578 174 2634 aute
193 2588 304 2649 paucos
322 2572 384 2632 dies
397 2572 615 2633 Rudelstadium
634 2575 796 2649 rescripsit,
820 2590 997 2648 conquerens
1015 2575 1100 2634 cistas
1120 2588 1187 2631 suas
1200 2587 1278 2631 rese·

117 2683 198 2754 ratus,
218 2677 437 2739 addensminas
457 2680 741 2753 etcnmJuramento
761 2696 792 2739 se
810 2679 966 2740 adstrinxit
984 2695 1015 2738 se
1035 2676 1280 2739 transsalamad

119 2782 259 2845 duodecim
271 2784 397 2843 miliaria
410 2783 600 2845 Rudelstadio
620 2802 678 2845 non
698 2786 1008 2860 appropinquatum,
1031 2784 1178 2843 tamenin
1190 2781 1278 2842 eonfi-

118 2889 190 2950 uibus
204 2906 238 2950 se
252 2890 389 2950 continet.
412 2889 469 2950 Sed
483 2891 539 2949 boc
552 2889 661 2949 lactum
676 2897 720 2949 est
734 2907 846 2964 eornm,
865 2891 915 2964 qui
929 2889 1059 2965 patibulo
1073 2890 1135 2949 nati
1149 2894 1225 2963 sunt,
1248 2894 1280 2948 nt

116 2989 212 3056 furtum
232 2993 368 3055 iterando
388 3003 563 3071 exaggerent
585 3013 620 3056 ac
643 3012 757 3056 crucem
778 2998 808 3056 in
826 2997 932 3056 malam
953 2996 1023 3056 velis
1045 2995 1119 3056 nolis
1142 2995 1279 3068 suspendi

118 3101 205 3162 uelim.

192 3206 224 3267 ir
245 3205 318 3265 Julii
340 3207 371 3264 in
389 3207 501 3282 capella
522 3206 598 3268 arcis
618 3206 754 3266 Albertus
773 3206 869 3267 Draco
889 3206 996 3267 Psalmi
1015 3210 1075 3266 119
1100 3207 1279 3266 octonarium

115 3314 150 3372 vel
164 3313 336 3388 particulam
351 3312 491 3372 desimam
510 3314 638 3386 quintam
655 3311 784 3386 ejusdem
803 3312 906 3386 psalmi
925 3314 1083 3386 enarravit,
1107 3313 1153 3372 cni
1167 3313 1279 3372 initium

116 3424 161 3478 cst:
183 3420 305 3492 Iniquos
318 3417 386 3477 edio
400 3418 503 3492 habui,
526 3418 620 3492 legem
634 3423 731 3477 autem
749 3423 828 3476 tnam
842 3415 938 3476 dilexi.
977 3419 1032 3477 Hic
1047 3419 1144 3479 docuit
1159 3418 1195 3478 de
1210 3436 1279 3480 vero

112 3536 158 3583 usu
173 3524 255 3585 vorbi
272 3522 319 3583 dei
333 3529 365 3582 ct
377 3522 481 3583 horum
494 3539 628 3582 versuum
641 3523 791 3583 octoadem
803 3525 833 3580 in
847 3524 919 3583 duas
933 3526 1088 3584 summulas
1104 3525 1209 3598 divisit,
1225 3528 1279 3585 sci·

117 3627 171 3690 icet
184 3646 250 3705 qnoe
265 3629 304 3688 sit
318 3633 424 3688 natura
434 3628 481 3687 uel
494 3630 579 3702 quale
590 3630 735 3704 ingenium
748 3643 856 3704 eorum,
873 3630 976 3703 quibus
993 3631 1040 3690 dei
1053 3634 1140 3691 timor
1155 3637 1184 3689 et
1198 3646 1280 3689 amor

117 3735 187 3794 verbi
200 3737 293 3808 inest,
316 3737 347 3794 et
360 3750 425 3807 quae
439 3733 585 3793 horribilis
598 3752 687 3809 poena
702 3751 751 3794 eos
766 3741 896 3810 maneat,
921 3738 972 3808 qni
987 3741 1017 3794 et
1034 3734 1109 3794 talea
1131 3734 1236 3793 docent
1250 3739 1280 3791 et

118 3835 281 3914 hypocritioo
297 3840 400 3912 spiritu
414 3846 491 3898 sunt.
515 3839 630 3898 Tribnit
644 3855 758 3914 quoque
772 3841 884 3900 timenti
896 3841 982 3900 deum
994 3855 1061 3898 snas
1076 3838 1277 3912 proprietates,

119 3944 173 4004 odic
187 3945 296 4006 babere
310 3945 440 4005 inimicos
455 3946 523 4018 quid
538 3947 584 4020 sit,
601 3951 630 4005 et
645 3947 708 4019 quis
721 3946 806 4020 hujns
816 3947 874 4006 odii
886 3944 964 4015 finis3
981 3946 1054 4003 item
1064 3943 1184 4014 diligere
1194 3941 1277 4000 deum

122 4049 244 4125 stlegem
265 4049 388 4122 domini;
411 4052 485 4110 item
506 4050 583 4125 qnod
606 4051 670 4125 pins
691 4066 774 4110 omne
796 4051 960 4124 prasidinm
978 4049 1033 4108 soli
1055 4047 1109 4107 deo
1131 4050 1279 4119 acceptum

124 4152 227 4230 coleram
242 4153 345 4233 ingme
359 4157 507 4219 consortia
520 4157 669 4232 malorum,
685 4171 791 4231 rogare
804 4162 838 4217 ut
846 4158 1033 4218 conservetur
1046 4152 1077 4212 in
1091 4150 1190 4212 uerbo.
1210 4152 1284 4214 ileu·
