2678 4546
653 63 717 131 tls

92 245 372 308 Volckmarieusium
384 247 471 305 misit.
502 245 581 319 Quas
595 245 669 306 idem
688 262 742 321 per
756 244 891 305 Lindium
906 247 1099 308 Waldecianis
1120 248 1269 310 comitibus

94 352 225 411 exturbari
235 351 331 425 jussit
360 350 520 426 Episcopus
540 358 637 412 autem
656 353 692 412 de
706 351 821 412 Eubulo
840 353 897 414 duo
912 360 1084 428 conquestus
1105 361 1157 428 est,
1181 372 1269 414 unum

95 456 174 532 quod
194 455 347 515 Galacteus
367 457 497 530 plaustra
516 459 626 532 aliquot
645 458 775 517 materiei
794 456 865 516 ferri
887 474 922 517 ex
943 459 1058 518 mineris
1080 476 1125 518 am
1147 459 1271 519 Taurois

96 563 171 622 Path
187 563 326 635 avexerit,
349 567 380 620 ct
395 562 473 636 quod
486 562 523 623 de
537 563 660 635 homine,
683 563 733 636 qui
747 564 820 636 bigae
837 579 904 622 casu
919 581 977 622 non
991 566 1092 639 procul
1111 565 1179 625 inde
1193 583 1269 625 mor·

95 675 161 726 tuus
178 672 232 741 est,
255 668 395 726 uxorcula
408 671 509 727 uestra
521 668 634 727 litteras
656 668 701 744 (ut
718 669 827 727 teneris
847 668 1056 742 episcopalibus
1075 670 1212 730 auriculis
1230 672 1272 731 vi·

97 772 233 848 debatur)
253 773 480 831 contumaciores
499 775 707 848 perscripserit.
743 773 864 832 Addidit
883 778 1026 848 praterea
1046 780 1076 833 et
1094 774 1272 835 Coloniensis

96 879 198 951 minas,
223 880 254 937 ni
268 878 504 938 demolestandis
524 880 582 938 suis
600 897 619 939 a
638 880 744 939 nostris
763 880 1009 955 supersederetur,
1033 896 1064 939 sc
1084 881 1130 938 vel
1144 882 1271 940 crastino

96 988 238 1043 mactatus
253 988 334 1043 tanto
348 984 448 1044 labore
462 985 539 1043 inter
554 1000 606 1043 nos
621 984 734 1044 habitos
748 986 846 1043 irritos
860 982 1002 1044 iacturum
1015 992 1043 1043 et
1055 985 1181 1044 mandati
1195 986 1272 1044 illius

97 1090 295 1147 executionem
315 1091 482 1163 petiturum.
520 1089 640 1149 Fratres
659 1097 755 1150 tamen
777 1091 869 1149 nostri
890 1089 928 1148 ab
949 1091 1012 1162 ipso
1035 1090 1145 1149 iitteras
1167 1090 1272 1149 Volck·

97 1192 287 1252 mariensibus
309 1194 417 1270 civibus
437 1195 672 1255 transmittendas
695 1197 892 1269 obtinuerunt,
917 1195 1036 1268 quibus,
1059 1202 1092 1253 ut
1113 1194 1271 1269 dicebatur,

97 1300 153 1357 vim
172 1296 418 1358 rusticisinlerre
438 1299 654 1374 prohibebatur.
692 1301 779 1359 Floro
794 1302 967 1374 iniunctum,
991 1306 1022 1359 ut
1036 1299 1142 1359 Eubuli
1158 1302 1272 1360 nomine

99 1405 193 1464 comiti
209 1421 228 1463 a
243 1404 359 1463 Nasson
373 1406 570 1478 responderet.

186 1511 261 1569 Post
274 1526 386 1568 coenam
401 1516 468 1571 ante
483 1512 621 1586 palatium
637 1510 758 1569 Caesaris
773 1510 1033 1585 deambulamus,
1056 1511 1106 1570 ubi
1127 1512 1180 1570 sub
1195 1515 1272 1570 octa-

102 1631 161 1674 vam
179 1615 408 1688 pomeridianam
428 1617 559 1691 magistri
577 1615 709 1675 ordinum
730 1616 842 1689 pedites
862 1615 899 1675 ad
920 1617 1032 1690 vigilias
1055 1617 1147 1676 noctis
1167 1617 1273 1676 consti·

103 1724 224 1780 luerunt
261 1720 326 1780 Hoc
344 1728 440 1784 autem
462 1721 613 1784 Germanis
633 1727 663 1780 et
681 1721 774 1782 dolori
794 1728 824 1780 et
843 1722 978 1781 dedecori
999 1728 1044 1780 est
1065 1723 1172 1793 eterit,
1197 1719 1274 1793 quod

105 1841 162 1884 cum
176 1823 315 1885 Germani
335 1828 446 1900 pedites
468 1828 506 1887 ad
528 1825 745 1886 custodiendum
765 1829 879 1886 casaris
900 1827 1038 1900 palatium
1057 1826 1158 1885 ordine
1180 1830 1272 1884 statu·

107 1936 228 2006 crentur,
253 1932 342 2005 ocyus
356 1934 433 1992 iberi
447 1948 561 2007 quoque
576 1935 704 2007 timpano
718 1933 831 1991 incusso
846 1932 884 1990 ad
898 1915 1057 2004 'hospitium
1072 1931 1193 1990 qunnls
1207 1929 1273 1988 Fri·

108 2032 190 2095 larici
203 2037 307 2110 optimi
322 2039 460 2112 principis
473 2039 604 2111 veniunt,
628 2038 734 2097 ibidem
750 2038 883 2096 excubias
898 2044 1027 2110 agentes.

189 2141 316 2202 Domine
337 2143 488 2218 liberator,
517 2143 565 2216 qui
589 2144 641 2202 das
669 2144 788 2217 captivis
815 2142 1036 2217 indulgentiam,
1068 2142 1223 2216 aliquando
1247 2145 1276 2199 et

109 2244 188 2320 iuius
202 2249 280 2306 servi
294 2251 339 2307 tui
353 2248 384 2306 in
398 2247 670 2308 bonummemento,

190 2355 258 2427 xxvj
281 2354 354 2427 Maji
377 2353 405 2415 d
430 2354 513 2413 Joan.
536 2355 678 2412 Hernicus
700 2353 779 2428 (nam
801 2353 948 2412 Masculus
974 2356 1037 2412 ravi
1059 2350 1221 2426 laborabat)
1244 2353 1274 2409 in

108 2456 165 2516 ade
179 2457 313 2518 Maumtii
327 2458 448 2518 cundem
463 2475 546 2533 quem
560 2460 624 2517 beri
644 2459 809 2531 explanavit
828 2465 938 2534 textum
959 2464 1103 2531 repetens,
1127 2458 1277 2516 conciona-

109 2565 150 2622 tus
169 2568 230 2639 eet,
254 2581 364 2624 summa
384 2566 533 2639 diligentia
555 2566 740 2638 magistratus
761 2565 951 2623 reverentiam
971 2562 1008 2621 ob
1027 2563 1084 2621 Dei
1102 2565 1277 2634 praeceptum

109 2665 249 2729 inculcare
272 2676 392 2730 conatus
412 2688 465 2746 per
487 2689 509 2730 s.
531 2672 681 2742 scripturae
704 2670 841 2753 historias
863 2667 1029 2740 ostendens,
1061 2682 1146 2739 quam
1170 2663 1278 2723 relerat

108 2773 271 2847 reipublicae
285 2789 423 2849 personas
433 2779 468 2835 in
488 2776 543 2837 hoc
562 2781 639 2835 statu
658 2777 827 2834 constitutas
848 2789 924 2846 esse,
949 2774 1025 2831 viros
1040 2773 1130 2831 bonos
1146 2772 1278 2829 timentes

107 2874 212 2955 Deum,
236 2882 359 2954 iustitiae
381 2887 411 2940 ct
432 2883 506 2955 senui
530 2886 658 2941 amantes
681 2887 749 2953 etc,
779 2886 808 2938 et
830 2877 907 2952 quod
930 2878 1069 2951 ejusmodi
1091 2891 1278 2950 personarum

107 2987 235 3058 regimen
250 3003 308 3046 non
323 3004 440 3062 parvum
456 2992 485 3046 et
499 2987 620 3045 subditis
636 2991 665 3045 et
684 2986 769 3044 terris
789 2983 946 3058 proiectum
966 2982 1104 3043 conferat.
1135 2982 1278 3040 Nimirum

107 3091 182 3163 quod
196 3108 283 3151 verus
297 3091 354 3152 Dei
375 3095 468 3154 cultus
489 3097 519 3150 et
534 3091 653 3164 justitiae
668 3093 747 3164 leges
769 3109 822 3165 per
841 3092 915 3149 tales
934 3090 1011 3148 viros
1032 3091 1235 3146 conserventur
1250 3088 1280 3142 et

106 3196 242 3260 idolatria
256 3213 292 3256 ac
311 3201 403 3258 omnis
422 3206 542 3258 exmrna
563 3196 704 3268 impietas,
729 3201 866 3269 quantum
885 3194 915 3253 id
930 3193 993 3253 ficri
1013 3197 1109 3267 queat,
1132 3189 1277 3247 tollantur.

107 3303 260 3365 Adducens
282 3304 419 3378 inhujus
443 3304 487 3361 rei
511 3302 626 3361 evidens
651 3302 810 3375 exemplum
832 3300 1003 3373 legislatoris
1028 3298 1146 3368 Moisis,
1170 3293 1279 3351 strenui

107 3406 215 3483 Jusuae,
240 3409 340 3482 optimi
354 3408 424 3466 civis
439 3406 579 3480 Danielis,
602 3407 733 3464 Ezechiae
749 3412 779 3464 et
792 3405 881 3463 Josiee
901 3404 1092 3477 piissimorum
1110 3416 1210 3473 regum
1225 3403 1279 3457 etc.

92 3510 240 3573 :Iudicans
256 3529 320 3586 quae
336 3513 437 3572 borum
452 3514 554 3588 pietas,
577 3513 734 3570 dexteritas
756 3517 786 3569 et
805 3511 883 3568 zelus
899 3526 969 3582 erga
984 3508 1077 3566 Deum
1098 3511 1127 3564 et
1142 3506 1172 3562 in
1186 3510 1280 3562 trans·

97 3634 254 3695 macres
276 3622 395 3678 austera
416 3618 632 3678 animadversio
648 3615 749 3689 luerit,
773 3631 837 3688 quae
857 3617 926 3674 item
949 3615 1031 3672 bonis
1054 3613 1107 3671 sub
1129 3611 1174 3667 his
1196 3607 1283 3666 luerit

92 3726 189 3801 ²·‘quies
204 3732 259 3786 etc.
289 3722 402 3783 Deinde
422 3724 547 3781 omnium
566 3723 667 3781 horum
687 3720 852 3794 antithesin,
877 3737 933 3794 quo
954 3720 1050 3778 album
1067 3720 1150 3791 juxta
1169 3715 1281 3784 nigrum

92 3828 233 3909 §scitum
247 3833 338 3905 magis
354 3831 537 3902 elucesceret,
561 3828 666 3901 posuit,
691 3843 776 3900 quam
790 3826 956 3884 turbulenta
976 3824 1072 3882 omnia
1092 3823 1158 3891 sint,
1182 3831 1281 3888 quam·

92 3908 282 4103 &smmi
298 3936 406 4009 quique
420 3934 473 3993 sub
488 3932 672 4006 hypocriticis
692 3936 722 3989 et
741 3932 823 3988 malis
842 3930 1016 4004 principibus
1038 3927 1082 4002 (ut
1102 3922 1217 3980 interim
1237 3923 1281 3976 ta·

92 4042 117 4109 ,²
203 4058 317 4102 omnem
331 4041 499 4113 religionem
515 4044 544 4096 et
558 4016 652 4097 mores
667 4035 773 4111 rectos)
794 4038 846 4095 sub
861 4035 965 4094 talibus
985 4045 1099 4105 pessum
1115 4030 1189 4084 eant.
1220 4023 1282 4081 Hu·
1301 4064 1303 4068 ,

92 4124 155 4221 bs
177 4147 280 4207 farinae
304 4147 450 4221 principes
472 4143 590 4202 fuerunt
613 4143 682 4202 Saul
705 4142 845 4201 Davidem
869 4152 1057 4212 persequens,
1082 4148 1166 4206 quem
1190 4130 1227 4189 ab
1250 4145 1284 4187 eo

92 4268 94 4273 .
1026 4239 1072 4298 3,
