2678 4546
690 51 753 116 los

137 254 204 298 cere
219 236 329 311 ahquid
343 234 442 308 possit,
465 233 508 292 illi
520 233 672 293 subvenire
685 233 785 292 velint.
823 230 971 289 Praeterea
989 246 1055 302 qua
1073 231 1114 291 ad
1127 231 1206 291 hunc
1219 247 1303 306 usqua

136 342 211 400 diem
231 338 350 399 inierim
365 339 515 397 Pannonia
528 339 657 397 aTureis
673 353 810 410 perpessa
825 338 872 410 sit,
888 352 924 395 ea
938 352 1001 394 esse
1016 336 1192 410 hujusmodi,
1208 341 1241 396 ut
1254 338 1303 396 nisi

136 462 155 505 a
170 446 284 504 natione
307 444 470 518 germanica
485 443 630 516 suppetias
645 443 759 517 habeat,
783 443 903 516 posthac
918 443 1053 500 sustineri
1067 449 1224 517 nequeant.
1251 443 1304 503 Sed

137 551 270 609 Austrios
284 551 361 622 ipsos
377 550 503 607 crastino
518 562 633 606 causam
647 565 727 606 suam
743 547 825 621 apud
835 551 928 605 status
943 547 1056 620 imperii
1071 549 1263 622 exposituros.

226 655 341 714 Interim
365 653 435 712 illud
458 652 494 712 ab
519 652 732 726 archiepiscopo
758 652 945 726 Moguntino,
973 651 1111 712 videlicet
1137 654 1304 712 cancellario

136 778 188 834 per
202 759 393 833 Germaniam,
410 758 600 832 evulgandum
616 759 728 818 dicitur.

224 865 291 923 Dux
306 863 460 921 Mauritius
483 863 591 921 elector
612 864 641 920 in
663 862 748 922 domo
763 862 935 935 Marquardi
951 878 969 920 a
984 861 1066 921 Stein
1086 863 1239 936 praepositi
1251 864 1305 921 Au·

135 972 257 1045 gustani,
273 969 442 1042 Mogontini
458 973 487 1026 et
500 965 720 1042 Bambergensis
734 967 905 1042 hospitatur.

225 1074 284 1134 Sub
307 1075 471 1133 concionem
494 1071 582 1132 fiebat
602 1072 729 1132 delectus
748 1072 891 1145 peditum,
914 1071 962 1144 qui
986 1086 1044 1146 quo
1065 1072 1190 1146 propius
1204 1073 1305 1147 tamplo

136 1180 265 1239 Mauritii
281 1177 456 1237 accedebant
476 1178 562 1252 (istuc
581 1179 655 1235 enim
670 1178 726 1234 illis
746 1177 977 1249 pratereundum
999 1182 1063 1235 erat
1078 1176 1246 1237 volentibus
1259 1194 1305 1252 per

136 1284 229 1343 forum
245 1283 367 1342 Caesaris
382 1283 518 1355 palatium
533 1279 637 1355 adire),
662 1297 696 1339 eo
711 1280 815 1342 fortius
829 1289 981 1355 tympanas
996 1280 1188 1343 incutiebant.

224 1390 251 1447 A
267 1388 402 1448 concione
416 1387 580 1447 volebamus
595 1385 815 1446 atrebatensem
830 1387 950 1460 alloqui,
971 1403 1071 1445 verum
1092 1389 1232 1449 ostiarius
1246 1405 1304 1449 eum

137 1493 199 1552 heri
224 1494 276 1552 sub
299 1509 404 1552 nonam
426 1493 517 1550 noctis
538 1497 686 1566 vocatum,
711 1499 743 1551 ut
762 1491 816 1550 hoc
843 1508 926 1550 mane
946 1493 1144 1566 tempestivius
1166 1493 1303 1554 aemon

136 1598 238 1670 adiret,
255 1597 358 1670 aiebat,
372 1598 489 1670 jamque
504 1598 597 1671 ipsum
612 1596 727 1654 abiisse.
766 1597 837 1656 Post
850 1596 906 1656 hoc
925 1597 1064 1670 palatium
1079 1598 1244 1659 archiducis
1257 1616 1302 1673 pe-

136 1705 229 1762 titum.
268 1703 339 1761 Illuc
353 1708 449 1761 autem
465 1700 558 1760 adhuc
572 1700 697 1759 silebant
711 1701 820 1775 omnia,
843 1706 872 1761 et
892 1700 1032 1760 archidux
1046 1702 1155 1775 plumis
1169 1702 1299 1763 haraba

136 1808 292 1867 statuimus
307 1808 374 1868 dein
390 1807 514 1881 Viglium
529 1806 702 1864 Zuichenum
718 1808 857 1879 invisere,
881 1807 918 1866 ad
932 1810 1012 1882 cujus
1031 1806 1232 1868 habitaculum
1244 1824 1299 1868 cun

135 1910 357 1986 perveniremus,
381 1913 481 1971 doctor
496 1912 583 1969 Fiscb
600 1927 663 1969 cnm
685 1912 749 1986 ipso
765 1928 852 1985 super
866 1913 989 1985 negotiis
1003 1914 1064 1971 suis
1078 1913 1296 1988 colloquebatur.

135 2018 229 2089 Huius
244 2019 333 2090 igitur
347 2017 455 2076 abitum
470 2017 668 2088 praestolantes
683 2034 717 2076 ac
732 2015 896 2090 confestim,
922 2018 971 2078 ubi
989 2017 1037 2076 hic
1051 2019 1164 2094 abiret,
1185 2021 1296 2095 vigum

136 2124 165 2179 in
180 2121 363 2181 hibernacula
379 2135 430 2179 suo
446 2121 636 2194 convenimus,
660 2121 702 2180 illi
719 2127 895 2193 exponentes
910 2138 975 2195 qua
994 2123 1031 2182 ad
1046 2139 1164 2183 eausam
1180 2130 1295 2186 ncsbu

135 2225 271 2300 tacerent,
288 2226 336 2298 qui
352 2226 446 2283 omnia
461 2225 574 2298 quidem
581 2227 725 2297 patienter
738 2226 856 2286 audivit.
868 2228 975 2286 Verum
989 2228 1032 2286 ait
1047 2243 1166 2289 musam
1180 2236 1294 2291 nom
1337 2299 1339 2302 Α

135 2333 165 2390 in
180 2330 299 2389 concilio
316 2327 429 2402 quidam
450 2330 589 2402 imperiali
610 2335 763 2389 tractatam
784 2346 847 2389 esse
862 2337 892 2390 et
906 2347 940 2390 eo
956 2332 1121 2408 deventum,
1136 2340 1171 2394 ut
1183 2333 1291 2395 anate
1312 2362 1324 2411 ς-

134 2438 224 2494 tensis
248 2436 283 2495 dc
298 2434 343 2493 his
359 2450 490 2493 caesareae
506 2437 650 2509 majestati
666 2437 833 2495 relationem
853 2435 949 2496 iacere
965 2438 1002 2495 sit
1013 2439 1122 2512 jussus.
1161 2439 1197 2499 Id
1210 2444 1290 2499 auten

134 2544 269 2601 hactenus
285 2541 321 2600 ab
336 2540 527 2599 Atrebatense
543 2542 579 2599 ob
595 2543 713 2614 negocia
728 2542 840 2613 imperii
855 2542 1027 2617 Hispanico,
1049 2548 1079 2602 ot
1093 2544 1174 2617 quod
1189 2544 1225 2607 de
1238 2558 1287 2618 pre

133 2647 256 2707 tectione
271 2647 430 2706 archiducis
451 2648 512 2720 jam
527 2647 640 2706 solliciti
663 2648 733 2718 sint,
756 2651 785 2703 et
804 2647 900 2704 nescio
921 2663 992 2720 quas
1013 2649 1200 2722 negociorum
1217 2648 1311 2719 molet

135 2757 331 2826 procurarent,
347 2749 412 2808 fieri
426 2768 483 2809 non
499 2754 635 2824 potuisse.
660 2752 750 2811 Facta
766 2756 810 2810 est
821 2756 878 2809 eta
891 2751 975 2812 nobis
989 2754 1108 2828 mentio,
1125 2772 1195 2815 uum
1207 2768 1286 2830 poste
1307 2728 1311 2735 Ι

135 2873 196 2914 mus
212 2855 249 2913 ad
264 2860 375 2928 tempus
391 2855 507 2928 aliquod
524 2872 587 2914 oum
603 2859 698 2930 gratia
712 2856 831 2929 dimitti,
857 2857 908 2915 sed
932 2858 962 2916 id
978 2859 1093 2919 omnino
1108 2876 1170 2920 non
1182 2858 1242 2921 tore
1252 2872 1285 2917 rt·
1301 2892 1304 2897 -

135 2957 257 3032 spondit.
282 2958 363 3016 Dixit
378 2974 491 3032 quoqne
507 2961 687 3020 archiducem
703 2962 758 3019 sibi
773 2963 848 3020 serio
863 2963 1028 3037 injunxisse,
1046 2981 1105 3038 quo
1120 2968 1182 3039 ipsc
1195 2962 1284 3041 vigit·
1299 2978 1302 2983 '

135 3065 212 3139 apud
227 3063 447 3123 Atrebatensem
464 3065 592 3139 instaret,
610 3072 641 3124 nt
655 3066 762 3125 eaesari
778 3082 866 3126 causa
879 3072 979 3127 nostra
994 3066 1163 3146 referretur,
1178 3072 1282 3131 aare
1297 3052 1306 3063 '¹

135 3168 282 3229 batensem
309 3169 363 3240 ipsi
390 3169 534 3227 Zuicbeno
555 3170 721 3229 schedulam
747 3172 904 3232 ostendisse
934 3174 1043 3245 inqua
1065 3175 1164 3235 multa
1185 3176 1299 3277 μήνῆ

135 3290 228 3334 caussa
243 3274 362 3346 signatae
386 3280 482 3333 essent
497 3290 627 3334 casareae
643 3278 785 3351 majestati
800 3276 972 3350 referenda,
1000 3279 1129 3340 nondum
1143 3286 1234 3341 anm
1243 3280 1293 3353 (γ’

135 3379 340 3451 portunitatem
355 3379 499 3453 obtigisse,
516 3387 549 3438 nt
564 3381 600 3439 de
615 3381 659 3438 his
674 3397 737 3439 cum
754 3381 866 3441 casare
882 3384 929 3455 agi
943 3388 1051 3456 posset.
1079 3385 1166 3460 Nam,
1180 3385 1220 3447 att
1229 3378 1277 3451 Vk

135 3484 198 3556 dus,
216 3482 313 3540 Caesar
328 3498 384 3540 non
399 3489 443 3542 cst
458 3486 500 3543 ita
515 3486 631 3559 otiosus,
648 3492 681 3544 ut
695 3491 752 3543 stet
767 3493 796 3545 et
810 3486 910 3544 audiat
924 3488 1103 3559 privatarum
1117 3504 1211 3551 rerum
1223 3482 1287 3552 ιῢ,

135 3589 250 3646 tionem.
290 3586 418 3661 Rogatus
432 3590 532 3662 igitur,
557 3597 588 3649 ut
603 3591 684 3649 uobis
700 3606 781 3648 suum
797 3592 959 3665 consilium,
983 3595 1033 3665 qni
1048 3595 1179 3668 postbaec
1189 3596 1274 3657 mu·
1285 3563 1339 3648 1

133 3692 298 3767 gredieudae
315 3699 418 3766 essent,
435 3695 639 3767 impartiretur,
663 3694 735 3753 dixit
750 3711 781 3752 se
797 3695 868 3754 nihil
883 3698 954 3755 certi
971 3699 1055 3772 scire,
1071 3701 1169 3759 omnia
1182 3653 1339 3761 suissi

133 3797 244 3871 fecisse,
260 3799 408 3857 consulere
431 3805 527 3857 autern
548 3805 580 3857 nt
598 3799 692 3872 exigui
715 3801 852 3872 temporis
872 3818 953 3860 mora
973 3802 1018 3860 bic
1034 3820 1092 3862 uon
1107 3800 1269 3879 fatigor*

134 3903 219 3974 Spem
240 3919 302 3961 esse
327 3904 404 3960 intra
427 3916 533 3974 paucos
554 3902 614 3961 dies
638 3920 753 3962 causam
775 3911 905 3964 nostram
927 3908 1037 3981 peragi.
1078 3909 1116 3968 Se
1136 3922 1228 3969 verer
1266 3911 1270 3948 3

134 4007 217 4078 scire,
232 4005 453 4065 attrebatensem
468 4005 522 4063 hoo
536 4007 692 4067 meridiano
708 4013 836 4081 tempore
859 4011 929 4068 nihil
944 4011 1054 4071 reterre
1070 4014 1201 4087 potuisse
1303 4073 1339 4090 ,ἢ

135 4109 262 4181 gavinus
278 4109 359 4180 inde,
382 4116 413 4167 ut
435 4110 497 4185 ipse
520 4108 597 4185 apud
616 4112 835 4172 atrebatensem
849 4131 902 4188 pro
925 4115 1007 4176 nobis
1021 4132 1111 4192 agore
1126 4119 1192 4184 dno·
1224 4151 1226 4156 s
1260 4124 1264 4136 '
