2678 4546
604 66 667 132 ios

47 250 75 307 in
97 249 236 309 absonus
262 249 389 322 ipsorum
415 249 510 309 illatas
531 249 650 325 injurias
678 251 772 310 comiti
797 268 816 310 a
837 251 957 310 Nassaw
984 252 1217 326 conquemlatum

47 354 154 414 abiere.

135 458 244 519 Fiorue
266 458 379 534 librum,
402 459 432 518 in
452 474 510 533 quo
530 457 683 518 herbarum
703 458 802 533 figurae
823 463 882 520 suis
901 460 1044 522 coloribus
1063 462 1101 521 ad
1123 464 1218 522 uirum

50 565 171 639 depicta
185 569 270 624 erant
284 569 314 624 et
327 565 414 624 alium
428 565 459 623 in
473 581 506 624 re
520 564 631 624 medica
645 564 815 625 revendidit

136 668 274 729 Gurolum
287 686 306 728 u
320 669 453 729 stockem
473 669 541 742 quia
555 671 660 744 saepius
679 670 859 728 invitavimus
878 686 914 728 ne
931 672 1051 730 morosis
1066 673 1217 733 murmuri·

50 776 100 834 bus
115 790 189 834 ansa
203 775 334 847 daretur,
357 790 412 849 pro
427 776 559 850 expensis
573 776 662 850 ipsius
678 766 827 833 oeconomo
842 774 925 833 Josto
944 774 1118 835 Colbacbero
1133 774 1217 836 flore-

51 896 114 938 num
130 894 252 938 aureum
266 878 405 938 dedimus.

136 974 250 1045 Eadem
264 982 466 1058 Milohlingum
480 983 519 1042 ad
537 983 638 1044 ducem
658 986 812 1044 Ernestum
832 1002 885 1058 pro
900 987 991 1045 literis
1014 992 1066 1044 eto.
1083 986 1217 1057 misimus,

52 1089 98 1149 sed
116 1087 238 1147 frustra.
275 1086 385 1148 Eadem
405 1087 527 1148 famulus
548 1089 686 1149 licentiati
708 1090 820 1149 Nicolai
840 1090 935 1149 Maier
955 1092 1090 1163 scriptum
1111 1089 1218 1163 suppli·

52 1194 170 1254 anons
192 1191 529 1254 uuismm'ntrabatensi
548 1195 640 1252 nostri
660 1195 774 1253 nomine
794 1194 978 1254 offerendum.
1009 1194 1129 1253 Famulo
1144 1195 1219 1253 bairi

52 1314 98 1356 sex
114 1296 178 1358 dati
192 1301 269 1356 sunt.

138 1401 269 1461 Maxima
282 1401 337 1462 Dei
351 1403 442 1477 patris
456 1403 502 1462 ira
516 1410 546 1463 et
566 1409 665 1463 nostra
684 1402 770 1480 (prob
792 1401 885 1477 dolor)
907 1404 1116 1477 impoenitentia
1135 1402 1218 1463 effuc-

53 1515 108 1566 tum
123 1511 179 1580 est,
195 1513 229 1566 nt
241 1506 340 1567 videre
355 1512 433 1567 esset
447 1509 502 1568 boo
514 1509 578 1582 ipso
593 1508 650 1583 die,
674 1507 847 1568 cardinalem
862 1509 1060 1581 Augustannm
1076 1526 1094 1567 a
1108 1508 1218 1567 Truok·

53 1628 94 1671 ses
108 1615 319 1671 samamentum
334 1611 381 1689 (nt
393 1613 449 1686 ipsi
463 1610 632 1686 loquuntur)
644 1610 866 1671 confirmationis
878 1612 1087 1686 administrare,
1096 1620 1127 1671 et
1137 1618 1219 1673 tanta

54 1717 188 1776 sanctitas
208 1731 262 1790 per
280 1732 312 1777 se
331 1717 362 1777 id
379 1715 475 1776 iacere
490 1717 609 1791 dignata
630 1721 682 1790 est,
707 1732 771 1775 cnm
784 1718 833 1776 cix
847 1733 934 1774 unum
947 1718 1010 1788 jota
1024 1733 1114 1775 sacrae
1128 1720 1218 1792 scrip-

55 1826 121 1881 turn
135 1838 193 1896 pro
207 1827 344 1896 suggestu
365 1819 419 1881 iuri
440 1822 555 1882 audeat.
589 1822 725 1880 Curatum
746 1829 840 1881 autem
863 1823 900 1880 ab
922 1838 956 1880 eo
978 1828 1032 1895 est,
1056 1827 1088 1880 ut
1107 1823 1131 1879 si
1145 1821 1220 1883 forte

57 1926 212 2000 Augustani
231 1926 298 1985 boio
316 1928 441 1987 vesaniae
461 1944 519 1988 non
538 1928 633 1986 statim
656 1928 882 1998 subscriberent,
907 1928 1005 1984 rustici
1027 1927 1133 1986 Barari
1157 1944 1220 1986 omn

59 2032 109 2089 suis
122 2031 224 2091 liberis
238 2028 379 2106 adforent,
403 2030 480 2105 quod
494 2036 525 2090 et
542 2030 648 2091 factum
670 2038 722 2091 est.
753 2031 917 2089 Ferebatur
936 2047 1049 2105 quoqne
1069 2033 1220 2092 nonnullos

11 2126 19 2197 i
61 2150 110 2194 are
123 2150 188 2197 esse
205 2135 373 2211 conductos,
397 2141 430 2194 ut
448 2136 522 2196 banc
541 2139 732 2196 caerimoniam
752 2136 939 2211 susciperent.
978 2137 1096 2211 Reperti
1111 2141 1222 2196 suntet

10 2254 25 2304 ι’
62 2238 126 2300 inter
146 2241 224 2301 eires
246 2238 445 2315 Augustanos,
469 2242 518 2315 qui
540 2240 578 2302 ob
599 2242 653 2300 hoc
675 2240 846 2300 dominicum
868 2240 1086 2314 frequentarent
1109 2243 1220 2315 signum

10 2294 35 2435 “i
65 2342 275 2406 confirmationis
290 2360 351 2405 sure
364 2343 491 2420 perfidiae
506 2347 537 2404 in
553 2345 696 2406 christum
711 2363 729 2405 a
744 2346 888 2404 cardinale
904 2347 1085 2419 excipientes,

11 2452 36 2511 r?
138 2434 166 2510 b
186 2450 311 2525 prandio
329 2466 399 2509 vero
419 2450 544 2509 Michael
562 2451 611 2509 ille
631 2449 746 2509 fictitius
767 2449 927 2522 Mogontia
947 2450 1053 2522 praesul
1072 2449 1157 2522 buius
1177 2447 1220 2508 ia·

22 2574 38 2612 a
69 2551 126 2614 bule
139 2556 324 2635 coryphaeum
338 2556 406 2629 egit

29 2674 43 2711 *-
139 2644 274 2734 Domine,
287 2676 378 2733 usqne
392 2675 459 2733 quo,
480 2675 548 2719 num
562 2661 592 2718 in
608 2665 778 2735 perpetuum
793 2662 838 2719 ira
853 2666 903 2718 tua
918 2658 1074 2718 desaeviet?
1104 2658 1221 2730 Exurge

74 2765 189 2836 budica
203 2766 326 2825 terram!
356 2764 418 2825 Nos
438 2764 554 2838 quidem
574 2763 702 2824 confusio
722 2765 813 2838 decet,
836 2765 916 2838 impii
937 2769 1042 2837 autem,
1066 2762 1220 2835 odomine,

42 2884 44 2889 ·
74 2881 154 2929 nomen
167 2876 249 2930 tuum
266 2869 513 2945 blasphemabunt,
537 2869 674 2928 dicentes:
698 2870 764 2929 Non
786 2874 830 2928 est
851 2868 906 2926 illis
928 2884 993 2942 spes
1014 2868 1043 2925 in
1064 2867 1127 2926 Deo
1147 2867 1221 2940 ipso-

74 2985 127 3033 rum
154 2974 292 3035 Omnibus
305 2990 360 3050 per
374 2972 518 3034 Christum
531 2975 648 3048 ignosce
662 2980 692 3033 et
712 2975 834 3034 nominis
852 2975 894 3032 tui
913 2973 1033 3046 gloriam
1053 2988 1157 3031 assere.
1189 2972 1221 3030 Id

74 3080 229 3154 irrogamus
243 3080 282 3140 ob
296 3078 447 3139 Christum·
456 3081 600 3140 dominum
616 3084 752 3138 nostrum.
785 3080 885 3138 Amen.

141 3183 374 3244 comannorum
394 3187 506 3244 caeteris
520 3183 639 3244 urbibus
659 3186 753 3244 auimo
773 3186 965 3244 constantiore
985 3181 995 3218 ¹
1015 3181 1130 3240 interim
1151 3179 1221 3237 illud

74 3299 120 3346 ose
130 3287 270 3347 dicuntur.
293 3287 374 3347 Deus
389 3288 445 3347 illis
460 3292 649 3349 constantiam
664 3288 731 3348 fidei
747 3305 777 3347 se
792 3290 906 3364 dignam
922 3288 1064 3362 impartiri
1079 3287 1221 3359 dignetur.

141 3393 200 3466 xxij
215 3392 289 3467 maji
309 3393 436 3454 Joannes
455 3392 546 3454 frater
567 3400 596 3454 et
616 3410 669 3469 ego
689 3395 817 3454 concioni
837 3410 927 3453 sacrae
947 3392 1122 3465 Wolffgangi
1140 3390 1221 3449 Mus·

73 3496 115 3555 mii
127 3496 357 3573 interfueramus,
380 3499 480 3571 quiex
494 3515 557 3575 cap.
578 3502 617 3558 15
636 3500 757 3559 Joannis
772 3499 833 3557 baec
848 3497 948 3556 verba:
976 3498 1025 3556 «si
1046 3498 1109 3569 quis
1129 3498 1159 3555 in
1177 3512 1223 3553 me

72 3614 116 3660 rou
129 3603 276 3677 manserit,
300 3603 408 3675 ejectus
423 3608 468 3663 est
481 3603 559 3665 ioras
575 3606 648 3663 sicut
663 3605 771 3680 palmes
786 3608 816 3661 et
830 3604 951 3675 exaruit,
976 3609 1006 3660 et
1023 3602 1158 3674 colligant
1173 3616 1223 3659 eos

71 3707 129 3765 etin
142 3709 237 3781 ignem
250 3707 406 3780 conjiciunt
420 3713 451 3767 et
464 3706 586 3768 ardent«
605 3716 658 3768 etc.
675 3708 848 3782 explanavit,
864 3706 969 3766 docens
984 3704 1126 3778 quomodo
1140 3704 1221 3762 Chri·

70 3814 117 3869 ttus
130 3811 274 3886 prioribus
289 3811 384 3871 verbis
399 3814 544 3887 apostolos
559 3815 650 3873 amice
666 3813 834 3872 adhortatus
850 3812 930 3870 sitin
949 3809 1131 3868 similitudine
1146 3808 1221 3878 uitis,

68 3918 131 3975 etot
148 3916 180 3976 in
198 3918 263 3992 ipso
283 3922 433 3976 manerent
451 3933 485 3976 ao
505 3917 627 3977 fructum
648 3919 678 3977 in
699 3917 871 3989 auferrent,
896 3933 929 3974 ac
949 3931 1013 3988 quae
1034 3912 1223 3971 emolumenta

630 4049 645 4084 a

129 4136 140 4182 i
161 4136 254 4183 contra
270 4130 394 4182 interimi
