<?xml version="1.0" encoding="UTF-8"?>
<!DOCTYPE html PUBLIC "-//W3C//DTD XHTML 1.0 Transitional//EN"
    "http://www.w3.org/TR/xhtml1/DTD/xhtml1-transitional.dtd">
<html xmlns="http://www.w3.org/1999/xhtml" xml:lang="en" lang="en">
 <head>
  <title>
</title>
<meta http-equiv="Content-Type" content="text/html;charset=utf-8" />
  <meta name='ocr-system' content='tesseract 3.04.00' />
  <meta name='ocr-capabilities' content='ocr_page ocr_carea ocr_par ocr_line ocrx_word'/>
</head>
<body>
  <div class='ocr_page' id='page_1' title='image "./desgrafenwolrad00trosgoog_0223.png"; bbox 0 0 2678 4546; ppageno 0'>
   <div class='ocr_carea' id='block_1_1' title="bbox 649 41 717 109">
    <p class='ocr_par' dir='ltr' id='par_1_1' title="bbox 649 41 717 109">
     <span class='ocr_line' id='line_1_1' title="bbox 649 41 717 109; baseline -0.044 0"><span class='ocrx_word' id='word_1_1' title='bbox 649 41 717 109; x_wconf 81' lang='lat' dir='ltr'>ala</span> 
     </span>
    </p>
   </div>
   <div class='ocr_carea' id='block_1_2' title="bbox 85 223 1269 4191">
    <p class='ocr_par' dir='ltr' id='par_1_2' title="bbox 95 223 1269 509">
     <span class='ocr_line' id='line_1_2' title="bbox 184 223 1269 303; baseline -0.006 -16"><span class='ocrx_word' id='word_1_2' title='bbox 184 225 579 303; x_wconf 85' lang='lat' dir='ltr'>OptimusBaumgartenerus</span> <span class='ocrx_word' id='word_1_3' title='bbox 590 238 651 297; x_wconf 87' lang='lat' dir='ltr'>prae</span> <span class='ocrx_word' id='word_1_4' title='bbox 661 224 749 282; x_wconf 88' lang='lat' dir='ltr'>nimia</span> <span class='ocrx_word' id='word_1_5' title='bbox 759 223 988 283; x_wconf 86' lang='lat' dir='ltr'>consideratione</span> <span class='ocrx_word' id='word_1_6' title='bbox 998 223 1269 296; x_wconf 86' lang='lat' dir='ltr'>horumtemporum</span> 
     </span>
     <span class='ocr_line' id='line_1_3' title="bbox 95 326 1269 406; baseline -0.008 -13"><span class='ocrx_word' id='word_1_7' title='bbox 95 340 125 393; x_wconf 90' lang='lat' dir='ltr'>et</span> <span class='ocrx_word' id='word_1_8' title='bbox 138 349 235 392; x_wconf 89' lang='lat' dir='ltr'>rerum</span> <span class='ocrx_word' id='word_1_9' title='bbox 258 333 342 406; x_wconf 90' lang='lat' dir='ltr'>quasi</span> <span class='ocrx_word' id='word_1_10' title='bbox 360 331 427 390; x_wconf 91' lang='lat' dir='ltr'>tabe</span> <span class='ocrx_word' id='word_1_11' title='bbox 447 326 604 388; x_wconf 88' lang='lat' dir='ltr'>conficitur.</span> <span class='ocrx_word' id='word_1_12' title='bbox 647 327 785 388; x_wconf 86' lang='lat' dir='ltr'>Dedimus</span> <span class='ocrx_word' id='word_1_13' title='bbox 806 329 904 389; x_wconf 88' lang='lat' dir='ltr'>liberis</span> <span class='ocrx_word' id='word_1_14' title='bbox 918 329 978 389; x_wconf 86' lang='lat' dir='ltr'>Viti</span> <span class='ocrx_word' id='word_1_15' title='bbox 1001 329 1143 403; x_wconf 88' lang='lat' dir='ltr'>pauculos</span> <span class='ocrx_word' id='word_1_16' title='bbox 1163 328 1269 402; x_wconf 86' lang='lat' dir='ltr'>aliquot</span> 
     </span>
     <span class='ocr_line' id='line_1_4' title="bbox 96 439 497 509; baseline -0.007 -11"><span class='ocrx_word' id='word_1_17' title='bbox 96 454 225 498; x_wconf 89' lang='lat' dir='ltr'><strong>nummos</strong></span> <span class='ocrx_word' id='word_1_18' title='bbox 240 439 270 496; x_wconf 91' lang='lat' dir='ltr'>in</span> <span class='ocrx_word' id='word_1_19' title='bbox 284 451 497 509; x_wconf 87' lang='lat' dir='ltr'>mnemosynon.</span> 
     </span>
    </p>

    <p class='ocr_par' dir='ltr' id='par_1_3' title="bbox 95 538 1269 940">
     <span class='ocr_line' id='line_1_5' title="bbox 184 538 1269 615; baseline -0.005 -14"><span class='ocrx_word' id='word_1_20' title='bbox 184 542 293 603; x_wconf 87' lang='lat' dir='ltr'>Eadem</span> <span class='ocrx_word' id='word_1_21' title='bbox 309 541 533 615; x_wconf 76' lang='lat' dir='ltr'>christophorus</span> <span class='ocrx_word' id='word_1_22' title='bbox 549 541 642 599; x_wconf 90' lang='lat' dir='ltr'>Furer</span> <span class='ocrx_word' id='word_1_23' title='bbox 662 542 693 599; x_wconf 91' lang='lat' dir='ltr'>in</span> <span class='ocrx_word' id='word_1_24' title='bbox 715 541 870 600; x_wconf 88' lang='lat' dir='ltr'>crastinum</span> <span class='ocrx_word' id='word_1_25' title='bbox 889 541 1070 614; x_wconf 88' lang='lat' dir='ltr'>octingentos</span> <span class='ocrx_word' id='word_1_26' title='bbox 1085 538 1269 612; x_wconf 76' lang='lat' dir='ltr'>septuaginta</span> 
     </span>
     <span class='ocr_line' id='line_1_6' title="bbox 97 642 1268 724; baseline -0.004 -16"><span class='ocrx_word' id='word_1_27' title='bbox 97 651 221 724; x_wconf 86' lang='lat' dir='ltr'>quinque</span> <span class='ocrx_word' id='word_1_28' title='bbox 236 648 378 722; x_wconf 81' lang='lat' dir='ltr'><strong>thaleros,</strong></span> <span class='ocrx_word' id='word_1_29' title='bbox 402 647 451 721; x_wconf 91' lang='lat' dir='ltr'>qui</span> <span class='ocrx_word' id='word_1_30' title='bbox 469 645 578 705; x_wconf 88' lang='lat' dir='ltr'>faciunt</span> <span class='ocrx_word' id='word_1_31' title='bbox 592 662 729 705; x_wconf 91' lang='lat' dir='ltr'>summam</span> <span class='ocrx_word' id='word_1_32' title='bbox 748 645 826 704; x_wconf 90' lang='lat' dir='ltr'>mille</span> <span class='ocrx_word' id='word_1_33' title='bbox 844 642 1020 705; x_wconf 84' lang='lat' dir='ltr'>florenorum</span> <span class='ocrx_word' id='word_1_34' title='bbox 1035 645 1196 703; x_wconf 87' lang='lat' dir='ltr'>communis</span> <span class='ocrx_word' id='word_1_35' title='bbox 1210 659 1268 703; x_wconf 91' lang='lat' dir='ltr'>mo·</span> 
     </span>
     <span class='ocr_line' id='line_1_7' title="bbox 96 748 1269 827; baseline -0.007 -14"><span class='ocrx_word' id='word_1_36' title='bbox 96 760 171 813; x_wconf 88' lang='lat' dir='ltr'>netae</span> <span class='ocrx_word' id='word_1_37' title='bbox 192 770 222 812; x_wconf 90' lang='lat' dir='ltr'>se</span> <span class='ocrx_word' id='word_1_38' title='bbox 246 758 378 826; x_wconf 85' lang='lat' dir='ltr'><strong>prompte</strong></span> <span class='ocrx_word' id='word_1_39' title='bbox 400 753 484 811; x_wconf 90' lang='lat' dir='ltr'>nobis</span> <span class='ocrx_word' id='word_1_40' title='bbox 505 752 659 810; x_wconf 89' lang='lat' dir='ltr'>missurum</span> <span class='ocrx_word' id='word_1_41' title='bbox 679 753 802 826; x_wconf 88' lang='lat' dir='ltr'>recepit,</span> <span class='ocrx_word' id='word_1_42' title='bbox 827 753 904 827; x_wconf 89' lang='lat' dir='ltr'>quod</span> <span class='ocrx_word' id='word_1_43' title='bbox 919 757 949 812; x_wconf 92' lang='lat' dir='ltr'>et</span> <span class='ocrx_word' id='word_1_44' title='bbox 963 751 1058 811; x_wconf 82' lang='lat' dir='ltr'>altana</span> <span class='ocrx_word' id='word_1_45' title='bbox 1071 749 1120 809; x_wconf 86' lang='lat' dir='ltr'>dic</span> <span class='ocrx_word' id='word_1_46' title='bbox 1135 748 1269 824; x_wconf 85' lang='lat' dir='ltr'>praestitit</span> 
     </span>
     <span class='ocr_line' id='line_1_8' title="bbox 95 857 1104 940; baseline -0.005 -22"><span class='ocrx_word' id='word_1_47' title='bbox 95 876 147 935; x_wconf 91' lang='lat' dir='ltr'>per</span> <span class='ocrx_word' id='word_1_48' title='bbox 162 860 283 920; x_wconf 90' lang='lat' dir='ltr'>Paulum</span> <span class='ocrx_word' id='word_1_49' title='bbox 299 857 451 917; x_wconf 90' lang='lat' dir='ltr'>Leitschir.</span> <span class='ocrx_word' id='word_1_50' title='bbox 512 866 527 940; x_wconf 25' lang='grc' dir='ltr'>Ἰ</span> <span class='ocrx_word' id='word_1_51' title='bbox 727 912 731 915; x_wconf 79' lang='grc'>,</span> <span class='ocrx_word' id='word_1_52' title='bbox 1103 876 1104 880; x_wconf 59' lang='grc'>’</span> 
     </span>
    </p>

    <p class='ocr_par' dir='ltr' id='par_1_4' title="bbox 95 960 1268 1354">
     <span class='ocr_line' id='line_1_9' title="bbox 183 960 1268 1038; baseline -0.006 -15"><span class='ocrx_word' id='word_1_53' title='bbox 183 966 211 1023; x_wconf 85' lang='grc' dir='ltr'><strong>Α</strong></span> <span class='ocrx_word' id='word_1_54' title='bbox 226 981 308 1024; x_wconf 86' lang='lat' dir='ltr'>coena</span> <span class='ocrx_word' id='word_1_55' title='bbox 323 980 417 1023; x_wconf 91' lang='lat' dir='ltr'>comes</span> <span class='ocrx_word' id='word_1_56' title='bbox 439 965 620 1038; x_wconf 86' lang='lat' dir='ltr'>aRethberg</span> <span class='ocrx_word' id='word_1_57' title='bbox 641 969 670 1023; x_wconf 91' lang='lat' dir='ltr'>et</span> <span class='ocrx_word' id='word_1_58' title='bbox 691 979 746 1037; x_wconf 91' lang='lat' dir='ltr'>ego</span> <span class='ocrx_word' id='word_1_59' title='bbox 769 968 851 1023; x_wconf 82' lang='lat' dir='ltr'>extra</span> <span class='ocrx_word' id='word_1_60' title='bbox 871 967 985 1036; x_wconf 87' lang='lat' dir='ltr'>portam</span> <span class='ocrx_word' id='word_1_61' title='bbox 1007 960 1185 1018; x_wconf 84' lang='lat' dir='ltr'>munitiones</span> <span class='ocrx_word' id='word_1_62' title='bbox 1196 974 1268 1033; x_wconf 88' lang='lat' dir='ltr'>per·</span> 
     </span>
     <span class='ocr_line' id='line_1_10' title="bbox 96 1066 1268 1154; baseline -0.006 -25"><span class='ocrx_word' id='word_1_63' title='bbox 96 1072 248 1144; x_wconf 78' lang='lat' dir='ltr'><strong>speximus.</strong></span> <span class='ocrx_word' id='word_1_64' title='bbox 282 1072 361 1130; x_wconf 90' lang='lat' dir='ltr'>Nota</span> <span class='ocrx_word' id='word_1_65' title='bbox 383 1071 413 1128; x_wconf 90' lang='lat' dir='ltr'>in</span> <span class='ocrx_word' id='word_1_66' title='bbox 429 1071 631 1150; x_wconf 79' lang='lat' dir='ltr'>munitionibus</span> <span class='ocrx_word' id='word_1_67' title='bbox 646 1068 721 1128; x_wconf 89' lang='lat' dir='ltr'>arcis</span> <span class='ocrx_word' id='word_1_68' title='bbox 736 1067 862 1141; x_wconf 86' lang='lat' dir='ltr'>quinque</span> <span class='ocrx_word' id='word_1_69' title='bbox 877 1066 988 1140; x_wconf 89' lang='lat' dir='ltr'>lapides</span> <span class='ocrx_word' id='word_1_70' title='bbox 1004 1066 1121 1125; x_wconf 78' lang='lat' dir='ltr'>celatos</span> <span class='ocrx_word' id='word_1_71' title='bbox 1137 1071 1268 1154; x_wconf 82' lang='lat' dir='ltr'>constare</span> 
     </span>
     <span class='ocr_line' id='line_1_11' title="bbox 95 1166 1266 1249; baseline -0.007 -15"><span class='ocrx_word' id='word_1_72' title='bbox 95 1174 205 1234; x_wconf 89' lang='lat' dir='ltr'>floreno</span> <span class='ocrx_word' id='word_1_73' title='bbox 228 1191 299 1248; x_wconf 91' lang='lat' dir='ltr'>uno,</span> <span class='ocrx_word' id='word_1_74' title='bbox 323 1166 357 1234; x_wconf 87' lang='lat' dir='ltr'>ut</span> <span class='ocrx_word' id='word_1_75' title='bbox 370 1174 452 1233; x_wconf 88' lang='lat' dir='ltr'>nobis</span> <span class='ocrx_word' id='word_1_76' title='bbox 468 1176 492 1233; x_wconf 92' lang='lat' dir='ltr'>is</span> <span class='ocrx_word' id='word_1_77' title='bbox 507 1176 614 1249; x_wconf 90' lang='lat' dir='ltr'>retulit,</span> <span class='ocrx_word' id='word_1_78' title='bbox 646 1175 696 1246; x_wconf 85' lang='lat' dir='ltr'>qui</span> <span class='ocrx_word' id='word_1_79' title='bbox 710 1173 851 1231; x_wconf 89' lang='lat' dir='ltr'>rationem</span> <span class='ocrx_word' id='word_1_80' title='bbox 866 1169 979 1230; x_wconf 87' lang='lat' dir='ltr'>aedificii</span> <span class='ocrx_word' id='word_1_81' title='bbox 1000 1172 1091 1230; x_wconf 88' lang='lat' dir='ltr'>totius</span> <span class='ocrx_word' id='word_1_82' title='bbox 1110 1173 1226 1244; x_wconf 79' lang='lat' dir='ltr'>quo&#39;quc</span> <span class='ocrx_word' id='word_1_83' title='bbox 1241 1174 1266 1230; x_wconf 88' lang='lat' dir='ltr'>et</span> 
     </span>
     <span class='ocr_line' id='line_1_12' title="bbox 95 1272 1051 1354; baseline -0.002 -17"><span class='ocrx_word' id='word_1_84' title='bbox 95 1285 242 1340; x_wconf 89' lang='lat' dir='ltr'>murorum</span> <span class='ocrx_word' id='word_1_85' title='bbox 258 1285 287 1339; x_wconf 89' lang='lat' dir='ltr'>et</span> <span class='ocrx_word' id='word_1_86' title='bbox 301 1284 451 1354; x_wconf 88' lang='lat' dir='ltr'>portarum</span> <span class='ocrx_word' id='word_1_87' title='bbox 465 1281 632 1354; x_wconf 80' lang='lat' dir='ltr'>perscripsit</span> <span class='ocrx_word' id='word_1_88' title='bbox 646 1284 676 1337; x_wconf 92' lang='lat' dir='ltr'>et</span> <span class='ocrx_word' id='word_1_89' title='bbox 690 1274 896 1349; x_wconf 88' lang='lat' dir='ltr'>computationi</span> <span class='ocrx_word' id='word_1_90' title='bbox 910 1272 1051 1335; x_wconf 78' lang='lat' dir='ltr'>interant.</span> 
     </span>
    </p>

    <p class='ocr_par' dir='ltr' id='par_1_5' title="bbox 147 1381 933 1454">
     <span class='ocr_line' id='line_1_13' title="bbox 147 1381 933 1454; baseline -0.003 -11"><span class='ocrx_word' id='word_1_91' title='bbox 147 1410 148 1414; x_wconf 40' lang='lat'>¹</span> <span class='ocrx_word' id='word_1_92' title='bbox 185 1385 222 1443; x_wconf 90' lang='lat' dir='ltr'>N.</span> <span class='ocrx_word' id='word_1_93' title='bbox 239 1384 274 1444; x_wconf 91' lang='lat' dir='ltr'>de</span> <span class='ocrx_word' id='word_1_94' title='bbox 289 1384 406 1444; x_wconf 90' lang='lat' dir='ltr'>doctore</span> <span class='ocrx_word' id='word_1_95' title='bbox 423 1386 525 1444; x_wconf 84' lang='lat' dir='ltr'>Sittart</span> <span class='ocrx_word' id='word_1_96' title='bbox 540 1390 569 1442; x_wconf 91' lang='lat' dir='ltr'>et</span> <span class='ocrx_word' id='word_1_97' title='bbox 584 1385 686 1444; x_wconf 83' lang='lat' dir='ltr'>comite</span> <span class='ocrx_word' id='word_1_98' title='bbox 701 1384 738 1442; x_wconf 92' lang='lat' dir='ltr'>de</span> <span class='ocrx_word' id='word_1_99' title='bbox 753 1381 895 1454; x_wconf 86' lang='lat' dir='ltr'>Stolbarg.</span> <span class='ocrx_word' id='word_1_100' title='bbox 928 1391 933 1399; x_wconf 86' lang='lat'>&#39;</span> 
     </span>
    </p>

    <p class='ocr_par' dir='ltr' id='par_1_6' title="bbox 95 1470 1266 1774">
     <span class='ocr_line' id='line_1_14' title="bbox 184 1470 1266 1562; baseline -0.002 -14"><span class='ocrx_word' id='word_1_101' title='bbox 184 1489 261 1562; x_wconf 83' lang='lat' dir='ltr'>xxvij</span> <span class='ocrx_word' id='word_1_102' title='bbox 278 1490 357 1549; x_wconf 87' lang='lat' dir='ltr'>Junii</span> <span class='ocrx_word' id='word_1_103' title='bbox 380 1506 473 1549; x_wconf 89' lang='lat' dir='ltr'>comes</span> <span class='ocrx_word' id='word_1_104' title='bbox 493 1488 673 1562; x_wconf 86' lang='lat' dir='ltr'>aRethberg</span> <span class='ocrx_word' id='word_1_105' title='bbox 695 1489 751 1546; x_wconf 91' lang='lat' dir='ltr'>iter</span> <span class='ocrx_word' id='word_1_106' title='bbox 770 1489 800 1545; x_wconf 91' lang='lat' dir='ltr'>in</span> <span class='ocrx_word' id='word_1_107' title='bbox 815 1487 938 1561; x_wconf 88' lang='lat' dir='ltr'>patriam</span> <span class='ocrx_word' id='word_1_108' title='bbox 959 1470 1092 1561; x_wconf 85' lang='lat' dir='ltr'>arripnit.</span> <span class='ocrx_word' id='word_1_109' title='bbox 1132 1485 1201 1545; x_wconf 84' lang='lat' dir='ltr'>Dux</span> <span class='ocrx_word' id='word_1_110' title='bbox 1215 1487 1266 1546; x_wconf 82' lang='lat' dir='ltr'>vie</span> 
     </span>
     <span class='ocr_line' id='line_1_15' title="bbox 95 1591 1264 1682; baseline -0.003 -28"><span class='ocrx_word' id='word_1_111' title='bbox 95 1595 137 1654; x_wconf 92' lang='lat' dir='ltr'>illi</span> <span class='ocrx_word' id='word_1_112' title='bbox 152 1595 190 1654; x_wconf 90' lang='lat' dir='ltr'>sit</span> <span class='ocrx_word' id='word_1_113' title='bbox 204 1595 332 1668; x_wconf 88' lang='lat' dir='ltr'>angelus,</span> <span class='ocrx_word' id='word_1_114' title='bbox 349 1596 398 1682; x_wconf 90' lang='lat' dir='ltr'>qui</span> <span class='ocrx_word' id='word_1_115' title='bbox 413 1594 553 1655; x_wconf 86' lang='lat' dir='ltr'>Jacobum</span> <span class='ocrx_word' id='word_1_116' title='bbox 567 1594 760 1668; x_wconf 87' lang='lat' dir='ltr'>patriarcham</span> <span class='ocrx_word' id='word_1_117' title='bbox 776 1592 904 1652; x_wconf 84' lang='lat' dir='ltr'>deduxit.</span> <span class='ocrx_word' id='word_1_118' title='bbox 932 1591 1048 1651; x_wconf 88' lang='lat' dir='ltr'>Eubulo</span> <span class='ocrx_word' id='word_1_119' title='bbox 1063 1591 1202 1652; x_wconf 84' lang='lat' dir='ltr'>Liberius</span> <span class='ocrx_word' id='word_1_120' title='bbox 1217 1608 1264 1652; x_wconf 82' lang='lat' dir='ltr'>ex·</span> 
     </span>
     <span class='ocr_line' id='line_1_16' title="bbox 95 1701 339 1774; baseline 0 -15"><span class='ocrx_word' id='word_1_121' title='bbox 95 1701 252 1774; x_wconf 88' lang='lat' dir='ltr'>pectandus</span> <span class='ocrx_word' id='word_1_122' title='bbox 268 1704 339 1759; x_wconf 89' lang='lat' dir='ltr'>erat.</span> 
     </span>
    </p>

    <p class='ocr_par' dir='ltr' id='par_1_7' title="bbox 85 1803 1266 4191">
     <span class='ocr_line' id='line_1_17' title="bbox 183 1803 1266 1880; baseline -0.004 -15"><span class='ocrx_word' id='word_1_123' title='bbox 183 1805 296 1865; x_wconf 88' lang='lat' dir='ltr'>Deinde</span> <span class='ocrx_word' id='word_1_124' title='bbox 311 1805 440 1864; x_wconf 88' lang='lat' dir='ltr'>Eubulus</span> <span class='ocrx_word' id='word_1_125' title='bbox 460 1805 490 1862; x_wconf 93' lang='lat' dir='ltr'>in</span> <span class='ocrx_word' id='word_1_126' title='bbox 509 1806 615 1880; x_wconf 90' lang='lat' dir='ltr'>templo</span> <span class='ocrx_word' id='word_1_127' title='bbox 637 1809 729 1865; x_wconf 88' lang='lat' dir='ltr'>sancti</span> <span class='ocrx_word' id='word_1_128' title='bbox 752 1805 871 1880; x_wconf 87' lang='lat' dir='ltr'>spiritus</span> <span class='ocrx_word' id='word_1_129' title='bbox 892 1804 1057 1862; x_wconf 85' lang='lat' dir='ltr'>concionem</span> <span class='ocrx_word' id='word_1_130' title='bbox 1080 1818 1193 1863; x_wconf 89' lang='lat' dir='ltr'>sacram</span> <span class='ocrx_word' id='word_1_131' title='bbox 1215 1803 1266 1861; x_wconf 80' lang='lat' dir='ltr'>riri</span> 
     </span>
     <span class='ocr_line' id='line_1_18' title="bbox 93 1907 1265 1984; baseline 0 -16"><span class='ocrx_word' id='word_1_132' title='bbox 93 1911 240 1984; x_wconf 90' lang='lat' dir='ltr'>cujusdam</span> <span class='ocrx_word' id='word_1_133' title='bbox 262 1910 451 1970; x_wconf 90' lang='lat' dir='ltr'>adolescentis</span> <span class='ocrx_word' id='word_1_134' title='bbox 471 1909 522 1968; x_wconf 88' lang='lat' dir='ltr'>sed</span> <span class='ocrx_word' id='word_1_135' title='bbox 541 1909 672 1968; x_wconf 85' lang='lat' dir='ltr'>doctrina</span> <span class='ocrx_word' id='word_1_136' title='bbox 693 1915 723 1969; x_wconf 88' lang='lat' dir='ltr'>et</span> <span class='ocrx_word' id='word_1_137' title='bbox 747 1907 910 1983; x_wconf 89' lang='lat' dir='ltr'>eloquentia</span> <span class='ocrx_word' id='word_1_138' title='bbox 934 1909 1000 1967; x_wconf 92' lang='lat' dir='ltr'>cani</span> <span class='ocrx_word' id='word_1_139' title='bbox 1023 1907 1154 1981; x_wconf 82' lang='lat' dir='ltr'>audivit,</span> <span class='ocrx_word' id='word_1_140' title='bbox 1182 1923 1265 1982; x_wconf 84' lang='lat' dir='ltr'>super</span> 
     </span>
     <span class='ocr_line' id='line_1_19' title="bbox 93 2011 1265 2088; baseline -0.002 -14"><span class='ocrx_word' id='word_1_141' title='bbox 93 2016 156 2074; x_wconf 86' lang='lat' dir='ltr'>haec</span> <span class='ocrx_word' id='word_1_142' title='bbox 170 2016 259 2075; x_wconf 86' lang='lat' dir='ltr'>verba</span> <span class='ocrx_word' id='word_1_143' title='bbox 274 2032 297 2072; x_wconf 91' lang='lat' dir='ltr'>s.</span> <span class='ocrx_word' id='word_1_144' title='bbox 314 2015 397 2073; x_wconf 88' lang='lat' dir='ltr'>Pauli</span> <span class='ocrx_word' id='word_1_145' title='bbox 413 2015 520 2088; x_wconf 86' lang='lat' dir='ltr'>Ephas.</span> <span class='ocrx_word' id='word_1_146' title='bbox 539 2017 567 2074; x_wconf 89' lang='lat'>3.</span> <span class='ocrx_word' id='word_1_147' title='bbox 602 2015 715 2088; x_wconf 76' lang='lat' dir='ltr'>»HuJus</span> <span class='ocrx_word' id='word_1_148' title='bbox 738 2016 781 2074; x_wconf 92' lang='lat' dir='ltr'>rei</span> <span class='ocrx_word' id='word_1_149' title='bbox 800 2015 894 2088; x_wconf 81' lang='lat' dir='ltr'>gnatia</span> <span class='ocrx_word' id='word_1_150' title='bbox 912 2011 997 2071; x_wconf 85' lang='lat' dir='ltr'>flecto</span> <span class='ocrx_word' id='word_1_151' title='bbox 1021 2027 1117 2087; x_wconf 83' lang='lat' dir='ltr'>genua</span> <span class='ocrx_word' id='word_1_152' title='bbox 1143 2028 1209 2073; x_wconf 88' lang='lat' dir='ltr'>mea</span> <span class='ocrx_word' id='word_1_153' title='bbox 1229 2012 1265 2072; x_wconf 89' lang='lat' dir='ltr'>ad</span> 
     </span>
     <span class='ocr_line' id='line_1_20' title="bbox 94 2116 1263 2196; baseline 0 -17"><span class='ocrx_word' id='word_1_154' title='bbox 94 2116 206 2193; x_wconf 87' lang='lat' dir='ltr'>patrem</span> <span class='ocrx_word' id='word_1_155' title='bbox 221 2121 329 2179; x_wconf 90' lang='lat' dir='ltr'>domiui</span> <span class='ocrx_word' id='word_1_156' title='bbox 344 2121 435 2178; x_wconf 90' lang='lat' dir='ltr'>nostri</span> <span class='ocrx_word' id='word_1_157' title='bbox 449 2121 521 2195; x_wconf 85' lang='lat' dir='ltr'>Jasu</span> <span class='ocrx_word' id='word_1_158' title='bbox 537 2120 655 2195; x_wconf 85' lang='lat' dir='ltr'>Christi,</span> <span class='ocrx_word' id='word_1_159' title='bbox 679 2137 715 2179; x_wconf 84' lang='lat' dir='ltr'>ex</span> <span class='ocrx_word' id='word_1_160' title='bbox 731 2137 789 2193; x_wconf 90' lang='lat' dir='ltr'>quo</span> <span class='ocrx_word' id='word_1_161' title='bbox 804 2122 896 2196; x_wconf 90' lang='lat' dir='ltr'>omnis</span> <span class='ocrx_word' id='word_1_162' title='bbox 911 2136 929 2178; x_wconf 94' lang='lat' dir='ltr'>a</span> <span class='ocrx_word' id='word_1_163' title='bbox 944 2119 1087 2178; x_wconf 87' lang='lat' dir='ltr'>communi</span> <span class='ocrx_word' id='word_1_164' title='bbox 1100 2123 1186 2193; x_wconf 84' lang='lat' dir='ltr'>patre</span> <span class='ocrx_word' id='word_1_165' title='bbox 1201 2134 1263 2192; x_wconf 86' lang='lat' dir='ltr'>cog·</span> 
     </span>
     <span class='ocr_line' id='line_1_21' title="bbox 95 2223 1264 2300; baseline 0.002 -19"><span class='ocrx_word' id='word_1_166' title='bbox 95 2225 174 2282; x_wconf 90' lang='lat' dir='ltr'>natio</span> <span class='ocrx_word' id='word_1_167' title='bbox 190 2226 220 2282; x_wconf 92' lang='lat' dir='ltr'>in</span> <span class='ocrx_word' id='word_1_168' title='bbox 235 2223 316 2282; x_wconf 91' lang='lat' dir='ltr'>coelis</span> <span class='ocrx_word' id='word_1_169' title='bbox 331 2226 404 2283; x_wconf 89' lang='lat' dir='ltr'>etin</span> <span class='ocrx_word' id='word_1_170' title='bbox 419 2228 498 2284; x_wconf 90' lang='lat' dir='ltr'>terra</span> <span class='ocrx_word' id='word_1_171' title='bbox 511 2227 688 2300; x_wconf 89' lang='lat' dir='ltr'>nominatur,</span> <span class='ocrx_word' id='word_1_172' title='bbox 713 2233 746 2285; x_wconf 90' lang='lat' dir='ltr'>ut</span> <span class='ocrx_word' id='word_1_173' title='bbox 768 2227 823 2285; x_wconf 58' lang='lat' dir='ltr'>dat&gt;</span> <span class='ocrx_word' id='word_1_174' title='bbox 835 2225 916 2284; x_wconf 87' lang='lat' dir='ltr'>vobis</span> <span class='ocrx_word' id='word_1_175' title='bbox 932 2224 1017 2297; x_wconf 86' lang='lat' dir='ltr'>juxta</span> <span class='ocrx_word' id='word_1_176' title='bbox 1036 2223 1153 2287; x_wconf 87' lang='lat' dir='ltr'>divitias</span> <span class='ocrx_word' id='word_1_177' title='bbox 1166 2225 1264 2300; x_wconf 81' lang='lat' dir='ltr'>gloria</span> 
     </span>
     <span class='ocr_line' id='line_1_22' title="bbox 94 2317 1262 2405; baseline -0.002 -16"><span class='ocrx_word' id='word_1_178' title='bbox 94 2344 163 2402; x_wconf 85' lang='lat' dir='ltr'>suae,</span> <span class='ocrx_word' id='word_1_179' title='bbox 179 2335 212 2387; x_wconf 89' lang='lat' dir='ltr'>ut</span> <span class='ocrx_word' id='word_1_180' title='bbox 226 2326 393 2388; x_wconf 82' lang='lat' dir='ltr'>fortitudine</span> <span class='ocrx_word' id='word_1_181' title='bbox 409 2330 631 2389; x_wconf 82' lang='lat' dir='ltr'>corroboremini</span> <span class='ocrx_word' id='word_1_182' title='bbox 646 2332 698 2405; x_wconf 85' lang='lat' dir='ltr'>per</span> <span class='ocrx_word' id='word_1_183' title='bbox 713 2317 843 2405; x_wconf 86' lang='lat' dir='ltr'>spiritum</span> <span class='ocrx_word' id='word_1_184' title='bbox 858 2347 940 2388; x_wconf 91' lang='lat' dir='ltr'>suum</span> <span class='ocrx_word' id='word_1_185' title='bbox 962 2331 992 2387; x_wconf 92' lang='lat' dir='ltr'>in</span> <span class='ocrx_word' id='word_1_186' title='bbox 1015 2331 1161 2391; x_wconf 81' lang='lat' dir='ltr'>internum</span> <span class='ocrx_word' id='word_1_187' title='bbox 1175 2329 1262 2389; x_wconf 90' lang='lat' dir='ltr'>homi·</span> 
     </span>
     <span class='ocr_line' id='line_1_23' title="bbox 94 2433 1262 2509; baseline -0.002 -13"><span class='ocrx_word' id='word_1_188' title='bbox 94 2450 168 2508; x_wconf 88' lang='lat' dir='ltr'>nem,</span> <span class='ocrx_word' id='word_1_189' title='bbox 185 2441 218 2493; x_wconf 93' lang='lat' dir='ltr'>ut</span> <span class='ocrx_word' id='word_1_190' title='bbox 232 2434 372 2494; x_wconf 81' lang='lat' dir='ltr'>inhabitet</span> <span class='ocrx_word' id='word_1_191' title='bbox 389 2433 518 2494; x_wconf 90' lang='lat' dir='ltr'>Christus</span> <span class='ocrx_word' id='word_1_192' title='bbox 540 2453 592 2508; x_wconf 90' lang='lat' dir='ltr'>per</span> <span class='ocrx_word' id='word_1_193' title='bbox 613 2434 698 2496; x_wconf 89' lang='lat' dir='ltr'>fidem</span> <span class='ocrx_word' id='word_1_194' title='bbox 717 2439 747 2503; x_wconf 88' lang='lat' dir='ltr'>in</span> <span class='ocrx_word' id='word_1_195' title='bbox 762 2436 895 2496; x_wconf 90' lang='lat' dir='ltr'>cordibus</span> <span class='ocrx_word' id='word_1_196' title='bbox 911 2435 1024 2509; x_wconf 85' lang='lat' dir='ltr'>vestris,</span> <span class='ocrx_word' id='word_1_197' title='bbox 1046 2433 1111 2493; x_wconf 79' lang='lat' dir='ltr'>fixis</span> <span class='ocrx_word' id='word_1_198' title='bbox 1127 2437 1158 2493; x_wconf 92' lang='lat' dir='ltr'>iu</span> <span class='ocrx_word' id='word_1_199' title='bbox 1172 2434 1262 2494; x_wconf 87' lang='lat' dir='ltr'>chari·</span> 
     </span>
     <span class='ocr_line' id='line_1_24' title="bbox 93 2538 1262 2615; baseline 0.003 -18"><span class='ocrx_word' id='word_1_200' title='bbox 93 2545 152 2599; x_wconf 86' lang='lat' dir='ltr'>tata</span> <span class='ocrx_word' id='word_1_201' title='bbox 168 2541 311 2600; x_wconf 86' lang='lat' dir='ltr'>radicibus</span> <span class='ocrx_word' id='word_1_202' title='bbox 326 2547 355 2600; x_wconf 90' lang='lat' dir='ltr'>et</span> <span class='ocrx_word' id='word_1_203' title='bbox 370 2538 554 2599; x_wconf 79' lang='lat' dir='ltr'>fundamento</span> <span class='ocrx_word' id='word_1_204' title='bbox 567 2543 661 2615; x_wconf 76' lang='lat' dir='ltr'>Jacto,</span> <span class='ocrx_word' id='word_1_205' title='bbox 678 2548 710 2602; x_wconf 92' lang='lat' dir='ltr'>ut</span> <span class='ocrx_word' id='word_1_206' title='bbox 725 2543 843 2601; x_wconf 88' lang='lat' dir='ltr'>valeatis</span> <span class='ocrx_word' id='word_1_207' title='bbox 858 2542 993 2613; x_wconf 82' lang='lat' dir='ltr'>assequi«</span> <span class='ocrx_word' id='word_1_208' title='bbox 1010 2545 1065 2599; x_wconf 89' lang='lat' dir='ltr'>etc.</span> <span class='ocrx_word' id='word_1_209' title='bbox 1088 2541 1145 2599; x_wconf 87' lang='lat' dir='ltr'>llic</span> <span class='ocrx_word' id='word_1_210' title='bbox 1161 2540 1262 2612; x_wconf 89' lang='lat' dir='ltr'>docuit,</span> 
     </span>
     <span class='ocr_line' id='line_1_25' title="bbox 94 2645 1262 2720; baseline 0 -17"><span class='ocrx_word' id='word_1_211' title='bbox 94 2645 162 2717; x_wconf 86' lang='lat' dir='ltr'>qnid</span> <span class='ocrx_word' id='word_1_212' title='bbox 178 2652 253 2704; x_wconf 90' lang='lat' dir='ltr'>esset</span> <span class='ocrx_word' id='word_1_213' title='bbox 267 2645 353 2719; x_wconf 91' lang='lat' dir='ltr'>fides,</span> <span class='ocrx_word' id='word_1_214' title='bbox 380 2663 444 2718; x_wconf 82' lang='lat' dir='ltr'>quaa</span> <span class='ocrx_word' id='word_1_215' title='bbox 465 2648 526 2719; x_wconf 76' lang='lat' dir='ltr'>eJus</span> <span class='ocrx_word' id='word_1_216' title='bbox 552 2651 655 2705; x_wconf 88' lang='lat' dir='ltr'>natura</span> <span class='ocrx_word' id='word_1_217' title='bbox 676 2648 722 2705; x_wconf 92' lang='lat' dir='ltr'>vel</span> <span class='ocrx_word' id='word_1_218' title='bbox 744 2646 885 2720; x_wconf 82' lang='lat' dir='ltr'>efficacia,</span> <span class='ocrx_word' id='word_1_219' title='bbox 909 2653 938 2705; x_wconf 90' lang='lat' dir='ltr'>et</span> <span class='ocrx_word' id='word_1_220' title='bbox 952 2645 1095 2718; x_wconf 85' lang='lat' dir='ltr'>quomodo</span> <span class='ocrx_word' id='word_1_221' title='bbox 1110 2646 1262 2705; x_wconf 84' lang='lat' dir='ltr'>debeamus</span> 
     </span>
     <span class='ocr_line' id='line_1_26' title="bbox 93 2750 1262 2827; baseline 0 -19"><span class='ocrx_word' id='word_1_222' title='bbox 93 2751 220 2809; x_wconf 89' lang='lat' dir='ltr'>radicem</span> <span class='ocrx_word' id='word_1_223' title='bbox 240 2753 271 2809; x_wconf 89' lang='lat' dir='ltr'>in</span> <span class='ocrx_word' id='word_1_224' title='bbox 293 2750 436 2810; x_wconf 87' lang='lat' dir='ltr'>Christum</span> <span class='ocrx_word' id='word_1_225' title='bbox 457 2753 584 2824; x_wconf 89' lang='lat' dir='ltr'>mittere,</span> <span class='ocrx_word' id='word_1_226' title='bbox 598 2753 743 2827; x_wconf 54' lang='lat' dir='ltr'>‚exemplo</span> <span class='ocrx_word' id='word_1_227' title='bbox 767 2753 880 2813; x_wconf 88' lang='lat' dir='ltr'>arboris</span> <span class='ocrx_word' id='word_1_228' title='bbox 902 2753 1043 2825; x_wconf 85' lang='lat' dir='ltr'>robustae,</span> <span class='ocrx_word' id='word_1_229' title='bbox 1068 2766 1134 2823; x_wconf 86' lang='lat' dir='ltr'>quae</span> <span class='ocrx_word' id='word_1_230' title='bbox 1154 2751 1262 2811; x_wconf 89' lang='lat' dir='ltr'>radices</span> 
     </span>
     <span class='ocr_line' id='line_1_27' title="bbox 93 2853 1262 2929; baseline 0.003 -19"><span class='ocrx_word' id='word_1_231' title='bbox 93 2868 160 2911; x_wconf 89' lang='lat' dir='ltr'>suas</span> <span class='ocrx_word' id='word_1_232' title='bbox 175 2860 260 2912; x_wconf 89' lang='lat' dir='ltr'>terrae</span> <span class='ocrx_word' id='word_1_233' title='bbox 277 2853 353 2927; x_wconf 84' lang='lat' dir='ltr'>figit,</span> <span class='ocrx_word' id='word_1_234' title='bbox 373 2854 460 2914; x_wconf 85' lang='lat' dir='ltr'>dante</span> <span class='ocrx_word' id='word_1_235' title='bbox 476 2856 564 2915; x_wconf 89' lang='lat' dir='ltr'>borea</span> <span class='ocrx_word' id='word_1_236' title='bbox 579 2863 608 2915; x_wconf 90' lang='lat' dir='ltr'>et</span> <span class='ocrx_word' id='word_1_237' title='bbox 622 2855 741 2916; x_wconf 89' lang='lat' dir='ltr'>reflante</span> <span class='ocrx_word' id='word_1_238' title='bbox 755 2859 842 2917; x_wconf 82' lang='lat' dir='ltr'>cascia</span> <span class='ocrx_word' id='word_1_239' title='bbox 857 2855 1008 2916; x_wconf 89' lang='lat' dir='ltr'>immobilis</span> <span class='ocrx_word' id='word_1_240' title='bbox 1023 2862 1131 2914; x_wconf 89' lang='lat' dir='ltr'>manet.</span> <span class='ocrx_word' id='word_1_241' title='bbox 1170 2857 1262 2929; x_wconf 77' lang='lat' dir='ltr'>Atque</span> 
     </span>
     <span class='ocr_line' id='line_1_28' title="bbox 92 2958 1262 3036; baseline 0.004 -23"><span class='ocrx_word' id='word_1_242' title='bbox 92 2958 167 3015; x_wconf 91' lang='lat' dir='ltr'>inter</span> <span class='ocrx_word' id='word_1_243' title='bbox 182 2960 405 3019; x_wconf 91' lang='lat' dir='ltr'>concionandum</span> <span class='ocrx_word' id='word_1_244' title='bbox 420 2960 495 3018; x_wconf 88' lang='lat' dir='ltr'>iuter</span> <span class='ocrx_word' id='word_1_245' title='bbox 510 2961 581 3018; x_wconf 88' lang='lat' dir='ltr'>alios</span> <span class='ocrx_word' id='word_1_246' title='bbox 596 2963 745 3036; x_wconf 88' lang='lat' dir='ltr'>scripturae</span> <span class='ocrx_word' id='word_1_247' title='bbox 767 2965 845 3022; x_wconf 91' lang='lat' dir='ltr'>locos</span> <span class='ocrx_word' id='word_1_248' title='bbox 866 2961 927 3022; x_wconf 90' lang='lat' dir='ltr'>fere</span> <span class='ocrx_word' id='word_1_249' title='bbox 943 2967 1036 3021; x_wconf 88' lang='lat' dir='ltr'>totum</span> <span class='ocrx_word' id='word_1_250' title='bbox 1050 2962 1192 3035; x_wconf 89' lang='lat' dir='ltr'>psalmum</span> <span class='ocrx_word' id='word_1_251' title='bbox 1208 2961 1262 3034; x_wconf 90' lang='lat' dir='ltr'>pri·</span> 
     </span>
     <span class='ocr_line' id='line_1_29' title="bbox 91 3065 1259 3142; baseline 0.003 -22"><span class='ocrx_word' id='word_1_252' title='bbox 91 3078 168 3120; x_wconf 91' lang='lat' dir='ltr'>mum</span> <span class='ocrx_word' id='word_1_253' title='bbox 183 3065 228 3122; x_wconf 87' lang='lat' dir='ltr'>vel</span> <span class='ocrx_word' id='word_1_254' title='bbox 244 3071 276 3123; x_wconf 92' lang='lat' dir='ltr'>nt</span> <span class='ocrx_word' id='word_1_255' title='bbox 291 3066 340 3123; x_wconf 91' lang='lat' dir='ltr'>alii</span> <span class='ocrx_word' id='word_1_256' title='bbox 356 3067 441 3124; x_wconf 89' lang='lat' dir='ltr'>etiam</span> <span class='ocrx_word' id='word_1_257' title='bbox 457 3067 568 3126; x_wconf 87' lang='lat' dir='ltr'>classici</span> <span class='ocrx_word' id='word_1_258' title='bbox 582 3068 719 3127; x_wconf 90' lang='lat' dir='ltr'>authores</span> <span class='ocrx_word' id='word_1_259' title='bbox 741 3069 868 3128; x_wconf 91' lang='lat' dir='ltr'>scribunt</span> <span class='ocrx_word' id='word_1_260' title='bbox 883 3068 1024 3142; x_wconf 89' lang='lat' dir='ltr'>psalmum</span> <span class='ocrx_word' id='word_1_261' title='bbox 1039 3066 1199 3126; x_wconf 87' lang='lat' dir='ltr'>secundum</span> <span class='ocrx_word' id='word_1_262' title='bbox 1213 3081 1259 3125; x_wconf 83' lang='lat' dir='ltr'>ex·</span> 
     </span>
     <span class='ocr_line' id='line_1_30' title="bbox 91 3169 1260 3247; baseline 0.002 -20"><span class='ocrx_word' id='word_1_263' title='bbox 91 3170 227 3241; x_wconf 87' lang='lat' dir='ltr'>planavit.</span> <span class='ocrx_word' id='word_1_264' title='bbox 266 3172 337 3228; x_wconf 90' lang='lat' dir='ltr'>Item</span> <span class='ocrx_word' id='word_1_265' title='bbox 353 3187 417 3243; x_wconf 85' lang='lat' dir='ltr'>quae</span> <span class='ocrx_word' id='word_1_266' title='bbox 432 3189 519 3246; x_wconf 90' lang='lat' dir='ltr'>poena</span> <span class='ocrx_word' id='word_1_267' title='bbox 534 3174 574 3231; x_wconf 89' lang='lat' dir='ltr'>eis</span> <span class='ocrx_word' id='word_1_268' title='bbox 589 3179 716 3247; x_wconf 89' lang='lat' dir='ltr'>maneat,</span> <span class='ocrx_word' id='word_1_269' title='bbox 738 3174 788 3247; x_wconf 85' lang='lat' dir='ltr'>qui</span> <span class='ocrx_word' id='word_1_270' title='bbox 806 3173 918 3233; x_wconf 88' lang='lat' dir='ltr'>radices</span> <span class='ocrx_word' id='word_1_271' title='bbox 939 3170 1012 3230; x_wconf 82' lang='lat' dir='ltr'>fixas</span> <span class='ocrx_word' id='word_1_272' title='bbox 1027 3172 1057 3228; x_wconf 90' lang='lat' dir='ltr'>in</span> <span class='ocrx_word' id='word_1_273' title='bbox 1075 3169 1191 3230; x_wconf 85' lang='lat' dir='ltr'>Christo</span> <span class='ocrx_word' id='word_1_274' title='bbox 1206 3187 1260 3230; x_wconf 92' lang='lat' dir='ltr'>uon</span> 
     </span>
     <span class='ocr_line' id='line_1_31' title="bbox 91 3273 1259 3352; baseline 0.004 -21"><span class='ocrx_word' id='word_1_275' title='bbox 91 3273 226 3333; x_wconf 91' lang='lat' dir='ltr'>habeant.</span> <span class='ocrx_word' id='word_1_276' title='bbox 250 3277 322 3333; x_wconf 90' lang='lat' dir='ltr'>Item</span> <span class='ocrx_word' id='word_1_277' title='bbox 337 3277 373 3335; x_wconf 89' lang='lat' dir='ltr'>de</span> <span class='ocrx_word' id='word_1_278' title='bbox 389 3277 596 3350; x_wconf 83' lang='lat' dir='ltr'>ingratitudine</span> <span class='ocrx_word' id='word_1_279' title='bbox 611 3284 711 3337; x_wconf 92' lang='lat' dir='ltr'>nostra</span> <span class='ocrx_word' id='word_1_280' title='bbox 726 3294 796 3352; x_wconf 87' lang='lat' dir='ltr'>erga</span> <span class='ocrx_word' id='word_1_281' title='bbox 805 3278 889 3337; x_wconf 91' lang='lat' dir='ltr'>deum</span> <span class='ocrx_word' id='word_1_282' title='bbox 899 3283 928 3336; x_wconf 89' lang='lat' dir='ltr'>et</span> <span class='ocrx_word' id='word_1_283' title='bbox 943 3278 1005 3350; x_wconf 86' lang='lat' dir='ltr'>ejus</span> <span class='ocrx_word' id='word_1_284' title='bbox 1017 3276 1148 3350; x_wconf 85' lang='lat' dir='ltr'>verbum,</span> <span class='ocrx_word' id='word_1_285' title='bbox 1165 3293 1259 3351; x_wconf 86' lang='lat' dir='ltr'>quum·</span> 
     </span>
     <span class='ocr_line' id='line_1_32' title="bbox 92 3378 1261 3456; baseline 0.004 -21"><span class='ocrx_word' id='word_1_286' title='bbox 92 3378 190 3436; x_wconf 86' lang='lat' dir='ltr'>obrem</span> <span class='ocrx_word' id='word_1_287' title='bbox 206 3386 235 3438; x_wconf 89' lang='lat' dir='ltr'>et</span> <span class='ocrx_word' id='word_1_288' title='bbox 248 3380 309 3437; x_wconf 83' lang='lat' dir='ltr'>haec</span> <span class='ocrx_word' id='word_1_289' title='bbox 324 3383 485 3455; x_wconf 77' lang='lat' dir='ltr'>persecutio</span> <span class='ocrx_word' id='word_1_290' title='bbox 502 3383 583 3442; x_wconf 90' lang='lat' dir='ltr'>nobis</span> <span class='ocrx_word' id='word_1_291' title='bbox 598 3383 742 3456; x_wconf 91' lang='lat' dir='ltr'>acciderit,</span> <span class='ocrx_word' id='word_1_292' title='bbox 760 3389 789 3442; x_wconf 90' lang='lat' dir='ltr'>et</span> <span class='ocrx_word' id='word_1_293' title='bbox 804 3383 988 3443; x_wconf 87' lang='lat' dir='ltr'>adamussim</span> <span class='ocrx_word' id='word_1_294' title='bbox 1003 3381 1119 3455; x_wconf 87' lang='lat' dir='ltr'>singola</span> <span class='ocrx_word' id='word_1_295' title='bbox 1134 3382 1261 3442; x_wconf 77' lang='lat' dir='ltr'>laedonis</span> 
     </span>
     <span class='ocr_line' id='line_1_33' title="bbox 91 3482 1260 3562; baseline 0.004 -23"><span class='ocrx_word' id='word_1_296' title='bbox 91 3482 178 3542; x_wconf 90' lang='lat' dir='ltr'>verba</span> <span class='ocrx_word' id='word_1_297' title='bbox 193 3485 338 3544; x_wconf 83' lang='lat' dir='ltr'>excutiens</span> <span class='ocrx_word' id='word_1_298' title='bbox 362 3486 533 3545; x_wconf 88' lang='lat' dir='ltr'>hortabatur</span> <span class='ocrx_word' id='word_1_299' title='bbox 553 3488 689 3560; x_wconf 89' lang='lat' dir='ltr'>populum</span> <span class='ocrx_word' id='word_1_300' title='bbox 710 3488 748 3548; x_wconf 89' lang='lat' dir='ltr'>ad</span> <span class='ocrx_word' id='word_1_301' title='bbox 770 3489 969 3562; x_wconf 87' lang='lat' dir='ltr'>poenitentiam</span> <span class='ocrx_word' id='word_1_302' title='bbox 990 3492 1019 3545; x_wconf 87' lang='lat' dir='ltr'>et</span> <span class='ocrx_word' id='word_1_303' title='bbox 1033 3484 1146 3546; x_wconf 82' lang='lat' dir='ltr'>fructus</span> <span class='ocrx_word' id='word_1_304' title='bbox 1162 3487 1260 3561; x_wconf 87' lang='lat' dir='ltr'>dignos</span> 
     </span>
     <span class='ocr_line' id='line_1_34' title="bbox 88 3588 1258 3661; baseline 0.003 -16"><span class='ocrx_word' id='word_1_305' title='bbox 88 3588 265 3661; x_wconf 83' lang='lat' dir='ltr'>poenitentiae</span> <span class='ocrx_word' id='word_1_306' title='bbox 282 3593 312 3648; x_wconf 88' lang='lat' dir='ltr'>at</span> <span class='ocrx_word' id='word_1_307' title='bbox 326 3590 365 3648; x_wconf 90' lang='lat' dir='ltr'>ad</span> <span class='ocrx_word' id='word_1_308' title='bbox 379 3589 445 3648; x_wconf 93' lang='lat' dir='ltr'>fidei</span> <span class='ocrx_word' id='word_1_309' title='bbox 462 3593 650 3650; x_wconf 88' lang='lat' dir='ltr'>constantiam</span> <span class='ocrx_word' id='word_1_310' title='bbox 667 3593 752 3652; x_wconf 89' lang='lat' dir='ltr'>acad</span> <span class='ocrx_word' id='word_1_311' title='bbox 767 3591 968 3652; x_wconf 87' lang='lat' dir='ltr'>ratificandum</span> <span class='ocrx_word' id='word_1_312' title='bbox 982 3590 1175 3651; x_wconf 87' lang='lat' dir='ltr'>inChristum.</span> <span class='ocrx_word' id='word_1_313' title='bbox 1192 3593 1258 3650; x_wconf 84' lang='lat' dir='ltr'>Par·</span> 
     </span>
     <span class='ocr_line' id='line_1_35' title="bbox 87 3693 1259 3769; baseline 0.003 -19"><span class='ocrx_word' id='word_1_314' title='bbox 87 3693 195 3767; x_wconf 87' lang='lat' dir='ltr'>placuit</span> <span class='ocrx_word' id='word_1_315' title='bbox 215 3693 296 3754; x_wconf 94' lang='lat' dir='ltr'>nobis</span> <span class='ocrx_word' id='word_1_316' title='bbox 319 3696 349 3751; x_wconf 89' lang='lat' dir='ltr'>in</span> <span class='ocrx_word' id='word_1_317' title='bbox 371 3694 426 3753; x_wconf 93' lang='lat' dir='ltr'>hoc</span> <span class='ocrx_word' id='word_1_318' title='bbox 448 3696 523 3768; x_wconf 84' lang='lat' dir='ltr'>viro,</span> <span class='ocrx_word' id='word_1_319' title='bbox 555 3695 633 3769; x_wconf 87' lang='lat' dir='ltr'>quod</span> <span class='ocrx_word' id='word_1_320' title='bbox 657 3713 721 3755; x_wconf 91' lang='lat' dir='ltr'>cum</span> <span class='ocrx_word' id='word_1_321' title='bbox 747 3700 837 3758; x_wconf 91' lang='lat' dir='ltr'>crassi</span> <span class='ocrx_word' id='word_1_322' title='bbox 866 3698 908 3755; x_wconf 93' lang='lat' dir='ltr'>illi</span> <span class='ocrx_word' id='word_1_323' title='bbox 932 3698 1018 3756; x_wconf 83' lang='lat' dir='ltr'>bores</span> <span class='ocrx_word' id='word_1_324' title='bbox 1034 3703 1064 3756; x_wconf 94' lang='lat' dir='ltr'>et</span> <span class='ocrx_word' id='word_1_325' title='bbox 1083 3698 1162 3758; x_wconf 88' lang='lat' dir='ltr'>tauri</span> <span class='ocrx_word' id='word_1_326' title='bbox 1181 3712 1259 3757; x_wconf 85' lang='lat' dir='ltr'>ovam</span> 
     </span>
     <span class='ocr_line' id='line_1_36' title="bbox 89 3795 1258 3876; baseline 0.003 -21"><span class='ocrx_word' id='word_1_327' title='bbox 89 3795 195 3857; x_wconf 85' lang='lat' dir='ltr'>Christi</span> <span class='ocrx_word' id='word_1_328' title='bbox 221 3799 319 3858; x_wconf 89' lang='lat' dir='ltr'>balare</span> <span class='ocrx_word' id='word_1_329' title='bbox 340 3798 377 3858; x_wconf 92' lang='lat' dir='ltr'>ob</span> <span class='ocrx_word' id='word_1_330' title='bbox 403 3796 558 3858; x_wconf 87' lang='lat' dir='ltr'>terrificum</span> <span class='ocrx_word' id='word_1_331' title='bbox 577 3802 693 3859; x_wconf 91' lang='lat' dir='ltr'>interim</span> <span class='ocrx_word' id='word_1_332' title='bbox 712 3805 870 3876; x_wconf 87' lang='lat' dir='ltr'>vetuerint,</span> <span class='ocrx_word' id='word_1_333' title='bbox 887 3801 977 3876; x_wconf 84' lang='lat' dir='ltr'>forta,</span> <span class='ocrx_word' id='word_1_334' title='bbox 993 3818 1030 3860; x_wconf 91' lang='lat' dir='ltr'>ne</span> <span class='ocrx_word' id='word_1_335' title='bbox 1045 3818 1064 3860; x_wconf 89' lang='lat' dir='ltr'>a</span> <span class='ocrx_word' id='word_1_336' title='bbox 1078 3803 1258 3863; x_wconf 85' lang='lat' dir='ltr'>rhinocerote</span> 
     </span>
     <span class='ocr_line' id='line_1_37' title="bbox 87 3905 1257 3983; baseline 0.004 -25"><span class='ocrx_word' id='word_1_337' title='bbox 87 3908 116 3958; x_wconf 88' lang='lat' dir='ltr'>et</span> <span class='ocrx_word' id='word_1_338' title='bbox 130 3911 311 3964; x_wconf 88' lang='lat' dir='ltr'>monocerote</span> <span class='ocrx_word' id='word_1_339' title='bbox 333 3905 426 3964; x_wconf 89' lang='lat' dir='ltr'>latera</span> <span class='ocrx_word' id='word_1_340' title='bbox 447 3920 547 3963; x_wconf 91' lang='lat' dir='ltr'>eorum</span> <span class='ocrx_word' id='word_1_341' title='bbox 566 3905 754 3981; x_wconf 83' lang='lat' dir='ltr'>tondeantur,</span> <span class='ocrx_word' id='word_1_342' title='bbox 777 3909 925 3981; x_wconf 91' lang='lat' dir='ltr'>timentes,</span> <span class='ocrx_word' id='word_1_343' title='bbox 949 3923 1020 3966; x_wconf 81' lang='lat' dir='ltr'>voca</span> <span class='ocrx_word' id='word_1_344' title='bbox 1034 3906 1126 3967; x_wconf 86' lang='lat' dir='ltr'>alacri</span> <span class='ocrx_word' id='word_1_345' title='bbox 1140 3909 1257 3983; x_wconf 87' lang='lat' dir='ltr'>ipsemet</span> 
     </span>
     <span class='ocr_line' id='line_1_38' title="bbox 85 4004 1255 4086; baseline 0.009 -25"><span class='ocrx_word' id='word_1_346' title='bbox 85 4004 232 4078; x_wconf 82' lang='lat' dir='ltr'>Araphum</span> <span class='ocrx_word' id='word_1_347' title='bbox 247 4011 292 4069; x_wconf 82' lang='lat' dir='ltr'>vel</span> <span class='ocrx_word' id='word_1_348' title='bbox 307 4009 412 4068; x_wconf 91' lang='lat' dir='ltr'>lditum</span> <span class='ocrx_word' id='word_1_349' title='bbox 427 4024 515 4082; x_wconf 89' lang='lat' dir='ltr'>agens</span> <span class='ocrx_word' id='word_1_350' title='bbox 538 4010 685 4084; x_wconf 87' lang='lat' dir='ltr'>alcariter,</span> <span class='ocrx_word' id='word_1_351' title='bbox 712 4013 880 4072; x_wconf 76' lang='lat' dir='ltr'>mnoinento</span> <span class='ocrx_word' id='word_1_352' title='bbox 895 4012 1031 4086; x_wconf 85' lang='lat' dir='ltr'>ecclesia,</span> <span class='ocrx_word' id='word_1_353' title='bbox 1051 4013 1179 4074; x_wconf 81' lang='lat' dir='ltr'>cantauit</span> <span class='ocrx_word' id='word_1_354' title='bbox 1193 4027 1255 4072; x_wconf 82' lang='lat' dir='ltr'>cau·</span> 
     </span>
     <span class='ocr_line' id='line_1_39' title="bbox 86 4109 1256 4191; baseline 0.009 -25"><span class='ocrx_word' id='word_1_355' title='bbox 86 4109 173 4168; x_wconf 78' lang='lat' dir='ltr'>domn</span> <span class='ocrx_word' id='word_1_356' title='bbox 187 4112 317 4191; x_wconf 89' lang='lat' dir='ltr'>Luthari,</span> <span class='ocrx_word' id='word_1_357' title='bbox 342 4129 399 4189; x_wconf 89' lang='lat' dir='ltr'>quc</span> <span class='ocrx_word' id='word_1_358' title='bbox 422 4115 531 4188; x_wconf 89' lang='lat' dir='ltr'>petitur</span> <span class='ocrx_word' id='word_1_359' title='bbox 554 4120 585 4174; x_wconf 91' lang='lat' dir='ltr'>ut</span> <span class='ocrx_word' id='word_1_360' title='bbox 608 4112 738 4177; x_wconf 87' lang='lat' dir='ltr'>Christus</span> <span class='ocrx_word' id='word_1_361' title='bbox 761 4118 910 4179; x_wconf 81' lang='lat' dir='ltr'>aeclesiam</span> <span class='ocrx_word' id='word_1_362' title='bbox 932 4133 1015 4180; x_wconf 87' lang='lat' dir='ltr'>suam</span> <span class='ocrx_word' id='word_1_363' title='bbox 1037 4123 1141 4182; x_wconf 78' lang='lat' dir='ltr'>mnus</span> <span class='ocrx_word' id='word_1_364' title='bbox 1162 4117 1256 4179; x_wconf 80' lang='lat' dir='ltr'>maluo·</span> 
     </span>
    </p>
   </div>
   <div class='ocr_carea' id='block_1_3' title="bbox 0 0 1344 4546">
    <p class='ocr_par' dir='ltr' id='par_1_8' title="bbox 0 0 1344 4546">
     <span class='ocr_line' id='line_1_40' title="bbox 0 0 1344 4546; baseline 0 2"><span class='ocrx_word' id='word_1_365' title='bbox 0 0 1344 4546; x_wconf 95' lang='lat' dir='ltr'> </span> 
     </span>
    </p>
   </div>
  </div>
 </body>
</html>
