2678 4546
72 220 171 295 luerit,
187 219 308 295 nobiles,
323 218 481 281 nobilitatis
497 224 526 279 et
540 222 719 277 stemmatum
734 218 919 278 strationem
935 216 1068 291 habeant,
1084 218 1242 292 admoneri,

73 342 119 400 ne,
131 322 313 399 utmodofit,
328 325 359 382 in
369 340 452 383 omne
461 324 562 382 vidum
571 324 731 397 praecipites
747 331 841 382 ruant.
865 324 927 382 Hoc
936 323 1113 395 modoposse
1123 322 1244 397 putabat

73 431 119 490 vel
134 431 367 488 concionatorem
386 429 432 487 rel
446 434 581 501 parentes
602 429 648 486 vel
662 426 897 502 patremfamilias
918 429 1025 501 alloqui
1040 444 1116 501 suos,
1131 430 1245 488 minime

74 551 144 594 vero
159 530 330 608 permissum
350 534 386 591 iri
401 533 525 606 aliquem
548 532 618 592 talia
641 531 675 591 de
691 548 722 590 se
745 533 807 604 ipso
831 532 939 605 dicere,
965 532 1073 591 addens
1095 534 1150 607 hic,
1167 534 1244 605 quod

11 618 16 647 ¹
74 633 203 724 κάθαρος
218 652 321 711 graece,
336 635 426 696 latim
439 637 569 711 mundae,
586 642 698 696 cataros
713 636 877 709 haereticos,
902 637 980 709 quod
1001 653 1032 696 se
1047 636 1167 696 mundos
1182 652 1244 697 esse

75 744 284 816 gloriarentur,
304 739 397 800 dictos
412 757 483 799 esse.
522 740 671 801 Postremo
683 741 769 814 jussit
784 740 877 799 Deum
893 758 944 800 nos
960 757 1058 815 orare,
1081 748 1113 800 ui
1128 740 1244 801 uerbum

75 864 158 907 snum
173 846 257 908 nobis
273 844 379 904 diutius
399 846 501 905 audire
522 851 551 904 et
565 844 714 919 praedicari
730 846 898 919 largiretur,
923 862 979 917 quo
1002 846 1030 902 in
1046 845 1116 904 Jesu
1132 845 1245 905 Christo

76 955 104 1011 in
118 953 171 1011 riti
187 952 239 1010 illa
252 967 323 1010 vera
337 950 468 1024 palmites
482 948 611 1024 frugiferi
627 949 769 1009 fieremus.

164 1056 308 1117 Melchior
323 1072 341 1115 a
355 1052 483 1115 Horstall
499 1062 529 1114 et
543 1055 726 1113 Ilermannns
741 1055 874 1114 Reidesel
890 1055 972 1113 nobis
988 1056 1063 1114 obvii
1079 1055 1158 1113 tinnit.
1187 1056 1245 1114 Sub

12 1204 24 1231 .
77 1161 199 1236 prandio
215 1160 379 1235 Wulphilas
394 1159 587 1221 Brabantinns
602 1177 620 1219 a
635 1175 757 1218 nouerca
776 1161 815 1219 ad
834 1158 938 1219 iratres
954 1165 1067 1218 nosnos
1082 1161 1180 1218 literas
1196 1161 1245 1219 de·

76 1266 171 1325 terens
200 1266 292 1339 venit,
318 1265 439 1325 salumm
458 1280 571 1338 qnoque
594 1265 738 1322 uxorculae
765 1266 878 1323 nomine
899 1263 1005 1322 dicens,
1044 1264 1154 1323 Detulit
1178 1271 1244 1323 eta

78 1369 266 1430 Schonstadio
279 1373 309 1428 et
318 1370 483 1429 Hermarmo
498 1368 594 1427 Nellio
609 1386 681 1428 unas
697 1369 777 1427 nobis
792 1368 899 1442 literas,
916 1368 993 1426 tacta
1008 1368 1245 1428 abbatisBreide·

77 1474 219 1546 briensia
231 1472 409 1534 Fleehtoriiii
423 1474 778 1533 etVolhmariensiumete.
789 1475 977 1533 continentes.
994 1474 1012 1532 J
1014 1489 1134 1533 oannem
1142 1474 1244 1533 Milch-

78 1580 184 1654 lingum
197 1578 507 1638 adErnestumducem
518 1580 695 1652 miseramus,
711 1578 824 1637 sednec
833 1578 917 1636 modo
933 1580 1084 1637 conuenire
1095 1595 1159 1637 eum
1174 1585 1245 1638 erat.

166 1682 278 1742 Eadem
295 1683 327 1741 in
354 1683 461 1758 templo
484 1683 614 1743 Mauritii
643 1685 705 1743 loco
736 1685 963 1757 vespertinarum
987 1701 1102 1756 praaum
1128 1685 1246 1743 ecclesia

10 1803 14 1831 ¹
79 1788 217 1863 psalmum
232 1788 358 1862 aliquem
372 1788 482 1846 cecinit.
520 1787 632 1848 Deinde
653 1790 743 1849 lector
762 1796 848 1861 caput
865 1793 893 1846 2.
918 1790 1047 1862 epistolae
1068 1789 1105 1846 ad
1128 1788 1247 1846 Galama

80 1893 157 1966 legit.
189 1893 302 1953 Rursus
317 1892 438 1967 <talesia
453 1898 540 1951 cantu
555 1909 578 1951 s.
594 1894 726 1967 spiritum
741 1893 905 1964 invocabat,
927 1898 954 1949 et
972 1909 1036 1950 mox
1052 1892 1181 1950 dominas
1196 1892 1246 1951 Jo-

82 2013 169 2057 annes
181 1997 326 2057 Hearicus
346 2013 383 2057 ex
402 2013 465 2071 cap.
485 2001 524 2056 12
550 1998 678 2072 epistolae
694 1997 722 2056 d.
739 1998 820 2056 Pauli
841 1997 879 2056 ad
900 1996 1044 2055 Romanos
1067 1997 1128 2054 haec
1142 1997 1245 2056 rerba:

85 2100 234 2161 «Gaudete
256 2118 320 2160 cnm
335 2101 529 2177 gaudentibus
545 2109 575 2161 et
587 2100 655 2161 flete
670 2119 733 2161 cum
748 2100 896 2176 flentibus,
921 2103 1021 2162 eodem
1036 2103 1130 2159 animo
1145 2101 1195 2159 alii
1217 2102 1247 2159 in

10 2222 15 2263 r
83 2207 150 2267 alios
169 2206 281 2281 affati,
320 2223 379 2266 non
400 2213 571 2280 arroganter
594 2207 630 2265 de
645 2207 725 2265 vohis
740 2208 809 2281 ipsis
825 2209 992 2278 sentientes,
1023 2206 1074 2265 sed
1096 2206 1247 2264 humilibus

22 2308 25 2313 '
84 2326 129 2370 vos
143 2311 399 2372 accommodantes.
422 2312 468 2370 Ne
483 2313 544 2370 sitis
564 2316 732 2384 arrogantes
751 2313 828 2385 apud
843 2320 951 2371 vosmet
971 2313 1057 2384 ipses,
1083 2325 1175 2384 neque
1190 2310 1248 2368 cni·

16 2416 28 2447 '·
86 2424 166 2488 quam
181 2417 286 2475 malum
300 2434 355 2492 pro
368 2416 445 2476 malo
454 2416 612 2491 reddatis»
624 2420 756 2490 exposuit
770 2417 885 2492 populo,
902 2417 1030 2475 indicans
1045 2432 1130 2488 quam
1145 2415 1248 2472 noxius

14 2538 28 2579 r
85 2519 295 2581 sitambitionis
309 2520 436 2595 morbus,
460 2522 537 2595 quod
552 2526 582 2580 et
595 2523 687 2595 ipsam
703 2524 909 2596 scripturarum
931 2522 1093 2579 testimonio
1109 2525 1138 2578 et
1152 2534 1246 2576 exem-

30 2646 33 2651 ·
85 2627 135 2699 plis
149 2624 223 2686 adeo
237 2628 388 2701 perspicue
404 2626 509 2697 docuit,
534 2632 567 2685 ut
581 2628 626 2685 vel
641 2627 771 2685 manibus
786 2627 905 2700 palpare
921 2641 1028 2698 possea,
1046 2642 1130 2697 qnam
1147 2625 1248 2682 animis

30 2708 38 2747 ⁵
86 2733 206 2791 omnium
230 2747 267 2790 ex
288 2736 427 2806 compta
445 2737 549 2790 natura
570 2733 594 2789 is
617 2732 733 2790 morbus
748 2732 865 2790 haereat.
903 2731 942 2788 Et
956 2731 996 2787 sic
1011 2731 1125 2802 singula
1138 2732 1168 2788 in
1183 2746 1248 2789 suas

38 2892 41 2897 .
86 2837 185 2896 classes
208 2836 369 2895 christiana
389 2834 539 2908 diligentia
560 2835 692 2909 digessit,
712 2837 817 2908 jubens
839 2843 871 2894 ut
894 2836 1064 2895 dominicum
1087 2836 1174 2910 illum,
1199 2837 1247 2908 qui

86 2943 170 3001 nostri
185 2956 274 3001 causa
288 2939 396 3000 nullam
410 2955 468 2997 non
481 2939 615 3011 injuriam
631 2955 784 3013 perpessus
800 2949 853 3014 est,
868 2941 1059 3014 imploremus,
1077 2957 1133 3014 quo
1147 2957 1248 2999 conce·

86 3045 132 3104 dat
153 3046 235 3106 nobis
255 3046 380 3105 animum
400 3044 521 3103 inimicis
545 3043 761 3105 benevolentem
781 3050 811 3103 et
837 3047 967 3118 spiritum
990 3047 1137 3105 adinstar
1159 3047 1249 3118 ipsius

46 3160 50 3171 “
85 3149 199 3226 domini,
224 3157 411 3226 posteaquam
431 3149 506 3209 idem
530 3149 660 3209 dominus
681 3167 732 3209 nos
752 3151 873 3209 humiles
893 3153 995 3223 spiritu
1012 3168 1074 3209 esse
1089 3151 1247 3224 imperauit.

87 3255 212 3317 adduxit
230 3263 260 3315 et
274 3257 368 3315 locum
382 3255 467 3314 Pauli
482 3271 517 3313 ex
532 3254 761 3328 Philippensibus
778 3259 796 3312 2
813 3271 875 3330 cap.
890 3255 966 3313 huuc
980 3256 1100 3315 scihcet:
1128 3255 1178 3313 «si
1193 3271 1249 3327 qua

88 3358 166 3435 igitur
174 3361 335 3422 consentio
344 3360 375 3419 in
388 3358 512 3432 Christo,
528 3360 553 3417 si
563 3359 640 3432 qnod
649 3361 780 3420 solatium
797 3359 964 3434 dilectionis,
981 3363 1005 3418 si
1016 3377 1079 3432 quae
1090 3361 1248 3419 communio

91 3467 206 3539 aniam,
231 3467 258 3524 si
273 3481 332 3539 qna
345 3465 456 3524 vacere
471 3471 500 3522 et
514 3464 712 3523 miserationes
735 3467 873 3538 complete
888 3482 982 3523 meum
997 3466 1139 3538 gaudium,
1164 3470 1196 3523 ut
1211 3465 1248 3523 si-

93 3572 183 3632 niliter
197 3554 295 3632 affecti
306 3569 377 3643 sitis,
392 3569 513 3629 eandem
522 3569 691 3627 charitatem
705 3570 852 3643 habentes,
865 3571 1023 3642 unanimes,
1033 3571 1109 3628 idem
1124 3572 1248 3628 sentien-

95 3675 142 3733 tes»
156 3676 237 3753 (ride
251 3675 340 3733 latim
354 3680 440 3748 caput
452 3677 469 3732 2
479 3690 524 3747 ep.
541 3674 579 3733 ad
585 3675 733 3749 Philipp).
750 3677 826 3742 Post,
835 3676 998 3733 concionem
1013 3674 1127 3732 domino
1142 3675 1249 3747 gratias

97 3780 141 3851 igit
154 3779 277 3840 ecclesia
289 3794 325 3837 ac
334 3780 374 3836 sic
387 3795 449 3837 cum
464 3779 704 3839 benedictionem
716 3796 788 3852 pace
803 3780 840 3838 ab
850 3780 1013 3838 ecclesiaste
1025 3779 1133 3837 dimissi
1142 3792 1248 3834 sumus.

167 3885 280 3945 Eadem
295 3882 464 3943 Wilhelmns
479 3901 572 3944 mines
593 3885 744 3943 aNassaw
764 3885 902 3955 majorem
921 3884 1076 3941 electorum
1096 3886 1125 3938 et
1144 3881 1248 3952 princi-

98 4000 151 4059 pnm
164 3993 278 4063 partem
294 3989 425 4048 condrio
440 3991 560 4063 excepit.

168 4095 313 4169 Magistm
342 4092 459 4163 Liborio
487 4095 643 4168 injunctum
664 4099 721 4166 est,
751 4099 782 4151 ut
810 4092 905 4150 comiti
936 4089 1093 4148 aNassaw
1116 4089 1251 4164 injuriam
