2678 4546
691 48 735 112 50

123 248 190 290 num
205 248 268 291 cnm
282 229 342 291 filio
356 236 408 291 tuo
422 229 572 290 benedicto
597 234 626 288 et
641 230 744 303 spiritu
766 236 883 303 sancto,
908 229 968 287 sive
983 226 1066 286 nobis
1083 243 1120 287 ex
1134 233 1220 303 uoto,
1244 229 1300 288 sire

121 353 203 395 secus
223 355 271 397 res
287 339 369 397 nohis
391 336 562 410 occiderint,
588 335 721 393 colamus.
761 335 818 394 Per
833 333 978 394 Christum
1002 333 1150 393 dominum
1164 341 1295 394 nostrum

124 445 226 502 Amen.

212 549 322 607 Eadem
330 549 451 622 Hispani
467 547 644 620 sepeliebant
658 546 800 620 quendam
812 549 979 620 magnatum
993 561 1029 604 ex
1043 561 1146 606 eorum
1161 544 1237 620 albo,
1254 545 1294 618 qui

123 670 235 713 crucem
251 657 388 729 purpurei
411 655 513 713 coloris
534 655 563 711 in
578 655 704 716 vestibus
719 653 756 712 ad
771 658 870 728 pectus
894 658 1022 726 gestasse
1044 653 1234 711 christianum
1250 668 1293 725 pn·
1336 656 1338 685 ¹

122 766 194 819 tant.
216 759 304 818 -Cnm
319 760 404 834 hujus
419 776 522 834 corpus
543 757 694 818 infossam
716 759 859 833 sepulchri
877 758 1082 831 immitterent,
1106 759 1202 831 primo
1218 756 1292 816 sacri·
1334 770 1337 775 ’

123 864 212 940 ficuli,
239 866 343 925 deinde
366 871 471 925 caetera
492 865 579 924 turba
599 863 683 923 funus
704 865 934 938 subsequentium
955 867 1091 937 qnantum
1111 864 1181 924 vola
1201 877 1290 922 manus

123 976 210 1030 terrae
226 958 470 1047 comprehendere
486 976 630 1046 poterant,
647 987 734 1045 super
748 973 841 1045 ipsum
856 969 940 1028 fuum
952 971 1095 1042 jecerunt.
1124 967 1239 1028 Deinde
1251 982 1289 1026 re

123 1078 259 1152 spillones
281 1078 387 1139 fossam
409 1084 488 1137 terra
510 1077 675 1151 replebant,
700 1077 779 1150 cujus
800 1076 901 1134 animae
921 1075 1094 1135 misereatur
1113 1077 1156 1149 is,
1180 1076 1229 1150 qui
1248 1090 1289 1133 no
1330 1116 1336 1121 -

123 1184 165 1241 vit
180 1199 254 1242 eum.

212 1289 310 1348 Prima
333 1291 400 1363 maji
427 1290 455 1348 d.
478 1289 624 1348 Musculus
654 1288 691 1347 ad
721 1287 748 1347 d.
770 1288 939 1347 Mauritium
964 1303 1001 1346 ex
1025 1303 1088 1362 cap.
1114 1289 1158 1344 14
1184 1285 1291 1345 Joannis
1326 1322 1338 1347 -.

124 1395 186 1455 haec
199 1395 287 1454 verba
302 1395 477 1468 explanavit:
493 1395 537 1453 Ne
552 1392 685 1453 turbetur
700 1410 750 1452 cor
764 1399 890 1452 vestrum
906 1409 999 1466 neque
1015 1391 1156 1452 formidet
1169 1397 1223 1452 etc.
1245 1388 1292 1450 seo
1326 1414 1338 1449 e

125 1518 177 1560 nos
192 1501 283 1559 serius
297 1500 481 1560 advenientes
496 1500 591 1559 omnia
603 1499 679 1558 dicta
692 1501 754 1572 ejus
766 1516 824 1569 non
836 1501 958 1560 assecuti
973 1515 1079 1558 sumus.
1104 1498 1189 1559 Inter
1199 1502 1294 1558 caton
1327 1518 1338 1556 a

124 1612 220 1665 autern
236 1605 364 1679 dicebat,
381 1607 604 1680 perturbationis
620 1610 649 1664 et
663 1607 773 1664 timoris
788 1606 985 1680 apostolorum
999 1605 1064 1664 haec
1077 1602 1296 1678 potissimumiu
1325 1620 1333 1627 ··

124 1728 211 1771 causa
225 1711 323 1785 fuisse,
340 1711 408 1770 dum
420 1711 576 1770 audiissent
591 1711 735 1770 dominum
748 1711 785 1770 ab
800 1713 836 1770 iis
851 1711 999 1770 discedere
1009 1711 1092 1786 velle,
1108 1709 1296 1785 ignorantiam
1333 1726 1338 1763 :

124 1819 233 1877 scilicet
248 1823 277 1877 et
292 1818 519 1891 expectationem
543 1818 652 1876 terreni
672 1818 792 1890 aheujus
807 1818 902 1892 regni,
926 1819 956 1875 in
972 1833 1029 1889 quo
1045 1817 1125 1891 ipsos
1141 1831 1175 1875 se
1190 1813 1296 1874 domino
1333 1834 1338 1889 j

124 1925 154 1981 in
173 1923 334 1997 principatu
350 1921 406 2000 (se)
428 1924 618 1997 proximiores
637 1921 750 1982 futuros
768 1940 848 1999 spem
867 1923 962 1981 animo
983 1927 1193 1997 conceperant,
1217 1918 1298 1979 amli-

125 2030 231 2086 tionem
247 2044 360 2101 quoque
375 2033 407 2086 ut
422 2029 451 2087 in
466 2026 531 2086 filiis
548 2029 679 2089 Zebedaei
700 2047 752 2103 per
768 2034 888 2088 matrem
903 2045 1002 2088 eorum
1017 2044 1091 2086 nnus
1106 2027 1147 2087 ad
1163 2028 1295 2095 dentem,

125 2135 198 2193 alius
209 2133 247 2192 ad
256 2134 400 2192 sinistrum
409 2134 509 2192 sedere
520 2141 636 2208 possent
645 2135 806 2208 petentibus
820 2134 919 2207 liquet.
941 2134 1012 2192 ltem
1028 2134 1148 2194 inutiles
1163 2139 1195 2194 et
1206 2146 1297 2207 super

126 2255 266 2298 vacaneas
286 2238 417 2297 tristitias
433 2242 502 2310 etc.;
530 2239 597 2297 item
618 2240 702 2314 longe
728 2240 813 2299 aliam
838 2239 943 2299 Christi
969 2240 1076 2299 domini
1095 2237 1189 2299 fuisse
1207 2233 1296 2298 cond'r

127 2347 246 2419 tionem,
272 2346 320 2417 qui
337 2344 476 2417 omnium,
501 2360 563 2416 quae
579 2345 621 2402 illi
636 2346 797 2405 acciderent
817 2346 899 2405 etad
914 2361 997 2419 quem
1017 2343 1104 2404 finem
1123 2345 1295 2420 pertinerent

125 2452 261 2526 praescius
283 2457 359 2525 erat,
382 2451 516 2510 habuisse
537 2467 606 2510 uero
626 2448 779 2525 discipulos
800 2453 908 2510 nubam
928 2453 971 2510 sui
992 2452 1100 2511 doloris
1120 2455 1174 2510 aut
1192 2446 1292 2510 timon't

120 2561 226 2633 Justam
236 2575 359 2618 causam.
384 2557 428 2616 De
442 2559 544 2616 timore
560 2557 634 2615 hanc
650 2557 861 2616 similitudinem
876 2557 1031 2617 adducens
1056 2557 1138 2616 Sicut
1152 2555 1184 2613 in
1195 2551 1291 2613 fluento

124 2665 239 2724 turbida
254 2664 367 2723 reddita
383 2680 458 2736 aqua
472 2661 578 2722 fundus
593 2662 685 2721 videri
704 2680 761 2723 non
777 2668 885 2737 potest,
907 2664 980 2747 etin
995 2660 1196 2736 hmpidissimo
1209 2656 1287 2728 foutc,

125 2771 150 2826 si
165 2785 254 2842 aquas
268 2784 392 2840 moveas,
409 2768 523 2826 claritas
539 2785 597 2827 non
612 2774 747 2842 apparet,
764 2769 805 2826 ita
819 2769 849 2826 in
866 2769 952 2828 corde
971 2767 1095 2827 hominis
1114 2766 1219 2826 timore
1231 2776 1286 2839 ptr·
1332 2792 1338 2809 ··

125 2872 236 2933 turbati
254 2872 441 2946 cogitationes
457 2888 537 2945 purae
553 2878 582 2932 et
596 2873 742 2946 praeclarae
757 2890 814 2933 non
830 2875 970 2932 oriuntur.
1006 2871 1090 2944 Quod
1106 2877 1203 2932 autem
1216 2866 1285 2930 ucri

126 2977 186 3051 puli
208 2978 319 3036 timoris
339 2977 383 3034 sui
407 2993 521 3037 causam
541 2996 598 3038 non
614 2980 782 3053 habuerint,
807 2978 858 3037 hns
880 2980 1007 3038 rationes
1027 2976 1166 3037 reddidit.
1204 2976 1286 3036 runo
1309 3008 1338 3019 --

126 3083 203 3157 qnod
212 3082 355 3142 dominum
364 3083 433 3156 ipsis
446 3084 570 3143 »Pacem
579 3102 670 3144 meam
680 3085 717 3144 do
726 3084 816 3157 vobis,
833 3100 933 3159 pacem
944 3098 1037 3141 meam
1052 3078 1283 3158 relinqueretis«
1299 3118 1338 3149 ,..

125 3188 230 3249 dixisse
242 3193 390 3247 noverant.
416 3189 556 3263 Secundo,
572 3192 686 3249 tametsi
698 3191 815 3249 tristitia
828 3190 936 3263 exhoc,
952 3188 1030 3262 quod
1046 3187 1179 3250 dominus
1190 3184 1284 3245 cnud
1296 3184 1338 3257 Ἐ

129 3295 247 3352 »Vado«
258 3291 351 3352 affecti
358 3291 482 3368 fuerant,
491 3295 651 3354 meminisse
660 3301 757 3354 tamen
764 3295 914 3367 debebant,
923 3292 1045 3353 eundem
1055 3308 1172 3368 quoque
1181 3288 1281 3353 (ΙΝ
1293 3276 1298 3357 r
1315 3326 1338 3363 -,

129 3399 254 3456 »lterum
265 3398 347 3457 venio
363 3399 400 3457 ad
415 3415 484 3457 vos«
497 3407 551 3459 etc.
571 3400 679 3476 Tertio,
697 3401 775 3474 qnod
791 3418 834 3473 ea,
850 3416 914 3473 quae
923 3398 1037 3459 Christo
1053 3405 1194 3459 eventura
1206 3392 1279 3459 effi
1287 3406 1295 3475 i

126 3503 196 3561 nihil
210 3503 267 3561 illis
281 3504 399 3576 periculi
414 3503 538 3564 allatura
554 3511 658 3565 essent.
682 3506 762 3565 Nihil
778 3506 852 3565 enim
866 3506 896 3564 id
909 3507 1048 3580 temporis
1063 3505 1120 3564 illis
1134 3502 1232 3564 durius
1241 3480 1338 3581 ἧς

125 3610 193 3668 mali
211 3609 320 3668 illatum
336 3615 388 3682 est,
404 3610 471 3667 licet
485 3616 585 3683 postea
596 3609 755 3684 temporis¹
772 3609 914 3685 praefinito
929 3611 966 3670 ob
976 3610 1084 3670 Christi
1098 3609 1217 3684 glorium
1227 3588 1338 3705 *12-

125 3717 237 3789 guinem
253 3732 334 3774 suurn
350 3712 509 3773 effuderint.
547 3716 694 3776 Postremo
717 3717 772 3776 etsi
787 3717 856 3789 quid
878 3715 1017 3790 ejusmodi
1040 3713 1160 3776 sufferre
1181 3704 1299 3829 Mb

123 3827 195 3896 sent,
207 3837 347 3880 memores
357 3825 453 3878 tamen
463 3825 493 3878 et
503 3836 551 3878 eos
560 3825 589 3878 et
598 3837 691 3880 causae
701 3838 759 3880 snae
770 3822 905 3882 bonitatis
919 3827 948 3880 et
957 3822 1109 3881 verborum
1119 3806 1338 3927 Ghrlsfiflff-

123 3929 251 4000 0portuit
260 3934 312 3988 etc.
329 3927 463 3985 Inserens
478 3925 597 4000 insuper
612 3926 647 3986 de
661 3926 790 3988 bonitate
806 3943 908 4002 causae,
922 3943 1008 4000 quam
1022 3925 1197 4001 professores
1205 3912 1338 3995 dih,

704 4063 719 4098 ’l‘

202 4153 212 4196 l
234 4152 369 4217 'itempore
385 4147 521 4217 praefinito.
