2678 4546
625 74 690 199 ιιι

68 311 226 388 driderich,
245 312 339 375 sitseu
352 313 405 375 ¹uir
418 313 474 388 hir,
497 314 575 374 vnad
589 313 699 374 redenn
713 331 770 373 von
785 313 957 374 schlechtem
974 314 1076 373 wohnn
1093 314 1147 373 lnn
1162 314 1240 375 solli·

68 417 156 477 chenu
170 416 313 479 setheum
331 417 370 479 Su
384 419 519 478 seintwir
534 418 670 479 wahrlich
681 418 845 478 schwerlich
860 419 917 479 hie.
947 419 994 478 Ad
1007 419 1240 479 hoecFridericus

12 532 16 559 ¹
67 530 145 583 torve
158 522 309 582 Eubulum
323 523 438 582 intuens
453 528 482 582 et
495 524 651 582 autoritate
665 538 718 580 sua
742 522 779 599 (si
795 523 849 581 diis
864 522 970 598 placet)
993 540 1061 582 usus
1075 523 1237 597 respondit:

11 685 17 723 Ι
67 627 125 687 ller
138 626 253 703 Grave,
274 628 329 687 wir
349 626 445 687 haben
459 643 517 687 von
531 626 584 687 der
597 627 680 686 Rom.
696 627 770 700 Key.
786 627 926 700 Maiestat
944 628 1138 687 austrucklich
1151 628 1238 687 beve·

67 729 135 805 lich,
159 731 214 792 das
236 731 284 791 die
299 730 528 805 Colloqueutenn
545 731 659 791 sollenu
678 730 798 790 Redeun
818 731 897 791 vnnd
918 731 997 792 nicht
1011 731 1058 790 die
1072 732 1237 792 auditoruu.

66 835 127 893 Hoc
141 835 263 896 oraculo
275 835 406 895 Eubulus
420 836 579 910 perculsus,
596 835 677 910 qnasi
693 851 729 893 ex
743 835 858 908 tripode
871 834 1015 909 Apollinis
1029 834 1169 910 proiecto,
1186 837 1237 897 ob-

10 982 14 1025 ,
66 940 156 999 ticuit.
195 938 290 1001 labia
302 940 393 1014 igitur
406 940 525 1014 premit,
540 940 607 999 licet
621 940 764 1015 Bucerus,
780 941 857 1015 Zeu,
875 938 1056 1016 Schnepfius,
1073 940 1239 1016 Gultlinssen

66 1043 156 1103 nostri
178 1044 298 1119 collega
321 1049 439 1103 strenue
457 1044 572 1105 Eubulu
594 1045 689 1103 calcar
713 1044 819 1104 addere
841 1046 1025 1120 satagebant,
1050 1052 1084 1104 ut
1107 1047 1238 1120 apertius

66 1164 127 1207 omn
140 1144 246 1209 comite
260 1148 411 1209 Friderico
425 1149 456 1207 iu
468 1149 607 1208 harenam
621 1147 817 1223 descenderet,
833 1165 932 1209 verum
948 1155 978 1209 et
991 1151 1054 1210 loco
1070 1155 1100 1209 et
1113 1150 1238 1224 tempori

65 1253 158 1312 cessit.
197 1252 244 1310 Ne
257 1257 353 1311 tumen
367 1252 547 1312 Fridericum
561 1255 607 1313 vel
625 1255 742 1328 timere,
765 1254 812 1313 vel
826 1254 897 1312 mihi
918 1255 973 1328 ipsi
988 1254 1024 1313 de
1039 1256 1089 1328 iis,
1114 1270 1179 1327 qua
1194 1255 1244 1315 illl

65 1357 209 1432 dixeram,
233 1356 308 1437 male
323 1360 453 1419 conscius
467 1348 596 1433 viderer,
620 1359 667 1418 vel
687 1359 730 1416 illi
745 1374 803 1417 non
824 1358 925 1418 habita
940 1359 1086 1432 digmtatis
1101 1375 1172 1418 mete
1187 1375 1235 1420 rs-

63 1462 152 1534 tione,
166 1463 290 1521 maxime
303 1463 335 1522 in
349 1478 383 1522 re
395 1468 457 1522 tam
470 1465 548 1523 seria
561 1462 686 1537 palmam
700 1463 829 1522 tribuere
842 1463 1016 1539 inculpatur,
1032 1470 1098 1538 post
1112 1466 1237 1524 solutum

63 1581 229 1625 consessum
248 1570 329 1624 reeta
343 1567 436 1639 ipsum
454 1566 527 1641 adii,
548 1567 617 1626 licet
630 1569 753 1627 voluerit
768 1567 914 1630 declinare
928 1571 1019 1644 viam,
1041 1568 1157 1629 dicens:
1172 1570 1233 1631 Du·

63 1671 139 1730 mine
153 1669 313 1746 ihiderice,
328 1675 407 1732 certe
420 1672 495 1733 male
508 1688 554 1732 me
568 1673 669 1747 habet,
694 1673 772 1746 quod
786 1673 924 1747 hispanus
939 1674 1044 1734 nebulo
1059 1681 1118 1734 tam
1131 1673 1236 1735 frivole

63 1780 92 1834 et
103 1774 230 1835 ridicule
242 1774 280 1835 de
293 1791 328 1836 re
341 1779 401 1835 tam
414 1782 523 1851 sancta,
538 1773 595 1837 fide
610 1786 709 1838 nostra
723 1780 889 1853 christiana,
905 1780 1041 1852 loquitur.
1077 1779 1117 1839 At
1130 1778 1235 1839 lhide·

62 1879 154 1954 ricus,
178 1884 215 1939 ut
227 1884 353 1940 astutam
367 1881 421 1941 sub
434 1887 553 1957 pectore
567 1882 681 1956 vulpem
704 1885 791 1958 tegit,
811 1900 973 1944 sermonem
994 1890 1125 1944 nostrum
1144 1885 1234 1944 iuter·

61 2000 212 2060 rumpens,
232 1984 380 2060 Proiecto,
405 1988 461 2060 ait,
481 1988 521 2045 mi
535 1985 649 2047 domine
663 2003 776 2061 comes,
792 2004 863 2061 rogo
878 1992 912 2046 ut
925 1988 995 2046 mihi
1008 1986 1064 2047 hoc
1077 1987 1232 2048 condones.

60 2089 143 2161 Quod
157 2089 237 2149 enim
250 2089 324 2166 dixi,
349 2107 385 2151 ex
404 2092 518 2152 ratione
538 2090 625 2151 officii
639 2090 710 2150 mihi
724 2091 906 2152 incumbebat
920 2093 1029 2166 dicere,
1055 2093 1235 2167 potissimum

61 2196 127 2268 quia
140 2209 229 2253 sama
241 2209 370 2253 casarea
383 2196 520 2269 majestas
535 2196 611 2256 serio
626 2195 683 2256 huc
698 2198 879 2271 perscripsit,
903 2212 940 2256 ne
960 2198 1108 2257 auditores
1128 2199 1159 2257 in
1173 2199 1233 2257 eol-

58 2301 157 2375 loquio
171 2301 253 2375 loqui
266 2304 505 2375 permitteremus.
544 2301 603 2361 Sed
617 2304 643 2362 si
658 2304 703 2360 cui
719 2319 755 2362 ex
773 2302 955 2364 auditoribus
974 2318 1038 2361 cum
1052 2302 1231 2375 presidenti·

60 2405 114 2465 bus
126 2422 180 2465 res
193 2406 246 2481 sit,
267 2407 294 2465 is
312 2405 501 2480 presidentes
519 2406 557 2467 ad
571 2413 683 2482 partem
698 2407 744 2484 (ut
763 2409 825 2480 ipse
840 2407 1021 2482 loquebatur,
1045 2424 1112 2466 narn
1126 2414 1157 2467 et
1170 2407 1234 2465 haec

60 2526 114 2571 uox
126 2488 333 2585 modulatius,
348 2510 434 2570 modo
450 2512 614 2584 germanica
635 2511 692 2587 est)
716 2513 889 2586 alloquatur.
928 2513 1068 2572 Brevibus
1088 2529 1156 2586 ergo
1170 2513 1231 2572 Eu·

58 2613 140 2674 buius
154 2615 320 2688 respondit:
342 2614 386 2674 mi
407 2613 519 2675 domine
534 2616 691 2692 Friderice,
715 2634 787 2691 rogo
802 2622 832 2676 et
846 2615 916 2675 mihi
929 2618 1043 2721 veniam
1058 2617 1119 2675 des.
1156 2617 1232 2676 Nam

58 2735 103 2778 res
117 2718 156 2779 de
172 2734 262 2793 prora
275 2725 306 2780 et
319 2720 410 2795 puppi
430 2718 577 2794 religionis
597 2728 704 2781 nostra
727 2726 757 2780 et
770 2721 920 2794 negocium
934 2719 1041 2778 domini
1055 2720 1148 2779 nostri
1160 2718 1233 2778 iesu

60 2820 166 2885 diruti
181 2827 213 2884 et
225 2823 328 2883 salutis
341 2830 449 2885 nostra
464 2826 569 2900 agitur,
586 2830 615 2885 et
628 2831 783 2900 persancte
798 2830 954 2898 contestor,
970 2839 1025 2898 ego
1037 2825 1098 2896 jam
1112 2822 1160 2882 hlc
1174 2840 1231 2898 ago

10 2996 14 3013 μ
59 2933 156 3001 partes
169 2928 312 3003 principis
325 2927 457 3003 hominia,
480 2929 505 2987 si
519 2930 584 3003 quis
597 2928 684 3004 huius
700 2931 730 2987 in
744 2928 799 2988 hoc
813 2929 957 3001 colloquio
972 2930 1064 2988 miuus
1079 2929 1231 2989 honestam

58 3029 365 3107 neuuonamtaceret,
379 3048 438 3092 non
452 3048 567 3107 possem
581 3033 657 3093 bono
673 3034 819 3094 stomacho
834 3032 983 3108 devorare,
1000 3052 1058 3109 quo
1072 3036 1163 3109 magis
1177 3050 1229 3093 ne·

16 3192 20 3217 ,
57 3131 120 3195 turn
133 3136 216 3195 illius
229 3134 355 3210 Hispani
367 3134 458 3197 verba
471 3138 598 3197 animum
611 3154 706 3197 meum
720 3140 796 3199 male
810 3137 946 3198 afficiant.
977 3140 1085 3198 Verum
1099 3137 1228 3199 Fridem'·

59 3241 221 3299 casuacio
245 3240 316 3313 quid
339 3256 395 3315 pro
413 3256 493 3301 more
517 3242 610 3302 aulico
637 3258 734 3302 secum
755 3246 908 3304 mussitans
928 3243 1068 3302 honorem
1091 3242 1231 3303 exhibens

60 3342 244 3418 demumque
257 3345 401 3420 praebens,
422 3350 510 3419 atque
523 3346 567 3406 ita
580 3362 616 3406 ex
629 3348 692 3407 loco
714 3347 850 3421 colloquii
865 3348 975 3408 abitum
991 3353 1043 3408 est.
1075 3346 1133 3406 Sed
1147 3349 1230 3407 testis

60 3449 122 3509 uibi
135 3434 381 3536 καρδιογνώστης
399 3449 449 3509 ille
468 3449 600 3510 dominus
621 3453 651 3509 in
672 3452 717 3511 die
738 3452 789 3513 illa
807 3469 913 3528 magna
928 3453 1035 3512 domini
1050 3453 1142 3511 nostri
1155 3452 1228 3513 Jesu

61 3549 169 3629 (busti,
185 3569 244 3628 quc
259 3553 357 3614 animo
371 3554 538 3615 mmhona
557 3553 621 3614 hcc
634 3562 716 3629 gesta
730 3558 801 3631 sint,
817 3558 867 3631 qni
882 3557 969 3617 dubio
984 3557 1084 3632 procul
1098 3557 1229 3617 omnibus

26 3716 30 3745 ι
61 3659 196 3734 utendet,
211 3675 278 3733 quoe
293 3659 340 3719 rel
353 3675 517 3735 perperam,
532 3660 578 3720 vel
592 3660 729 3721 insidiose
744 3662 781 3721 ab
796 3662 927 3734 utrisque
942 3662 1109 3722 dictasunt.

140 3762 368 3838 christophorus
390 3769 421 3824 et
434 3764 584 3840 Philippus
599 3764 677 3825 Seldi
692 3770 776 3841 patre
790 3767 852 3825 cive
876 3765 1058 3840 Augustanc,
1084 3767 1134 3838 qui
1148 3766 1226 3826 auri·

59 3862 164 3927 fabrum
177 3869 280 3943 gessit,
296 3873 329 3929 et
341 3873 434 3929 matre
449 3886 486 3929 ex
500 3870 627 3943 ejusdem
641 3867 747 3944 opificii
770 3874 890 3942 parente
905 3877 1059 3944 procreata
1073 3871 1136 3928 nati
1150 3874 1226 3929 suut.

60 3968 98 4033 th
109 3970 278 4033 felicitatem
296 3986 368 4033 vero
387 3974 498 4048 ingenii
520 3973 732 4034 aReiemuudo
746 3974 881 4050 Fuggero
902 3975 984 4032 unice
1008 3973 1134 4033 adamati
1149 3978 1226 4045 sunt,

58 4074 114 4149 tius
127 4093 245 4154 quoque
265 4092 358 4152 opera
376 4082 408 4139 st
426 4077 579 4154 impensis,
604 4083 792 4155 posteaquam
811 4080 949 4153 Augusta
971 4078 1064 4151 prima
1086 4077 1228 4137 elementa

34 4178 212 4247 'Humum
226 4181 442 4273 addidicerant,
464 4183 600 4260 Lugduni
614 4184 744 4245 Francia
765 4185 795 4244 in
818 4183 983 4245 doctoratus
1001 4181 1141 4241 honorem
1161 4199 1228 4258 pro·

366 4290 370 4297 '
938 4288 978 4346 10
996 4284 1011 4319 *
