2678 4546
59 250 179 311 melicos
191 254 225 310 ct
239 250 398 326 pellifices
418 248 543 310 insultus
564 256 727 324 conservet,
751 252 833 326 cujus
848 252 878 310 iu
892 262 994 314 nostra
1008 254 1106 332 lingna
1120 258 1232 318 initium

60 362 118 416 est:
141 355 250 415 Erhalt
263 372 353 415 vnusz
366 356 445 415 Herr
458 357 506 414 hei
520 356 633 415 deinem
648 357 741 415 Wort.

146 461 175 520 A
188 461 328 543 concione
340 460 508 520 volehrmus
521 461 680 534 liutgerum
695 461 757 519 auti
769 462 821 521 der
834 463 935 539 Burgk
949 468 1113 540 convenire,
1134 483 1233 527 rerum

59 566 336 627 familiasimulahat
356 583 422 625 eum
443 566 529 625 domo
550 566 661 624 abesse.
701 567 806 626 Postea
826 577 923 628 autem
937 573 1131 647 cognovimus,
1154 574 1231 646 quod

57 673 146 745 ipsius
169 672 330 732 absentiam
348 671 536 746 ahnegarint,
560 674 592 729 in
609 687 698 730 causa
720 670 822 737 luisse,
844 675 922 747 quod
941 677 1102 751 apoplexiae
1121 681 1231 753 species

56 776 190 852 quemn
205 782 236 838 et
248 777 380 852 corporis
394 782 425 835 et
438 777 526 835 animi
540 776 617 834 vires
630 777 707 835 illius
722 777 874 837 obruisset.

143 883 259 942 Deinde
273 883 352 942 sdes
365 882 535 954 Hieronymi
547 881 768 954 Baumgartneri
783 882 902 958 adimus,
919 887 968 958 qui
983 886 1051 945 lato
1065 888 1161 946 animo
1175 904 1227 947 nos

55 990 148 1064 ipsum
169 988 310 1048 adeuntes
330 987 454 1064 excepit,
474 1005 509 1047 ae
527 988 648 1046 invicem
669 987 755 1045 alteri
775 1005 833 1048 non
852 991 944 1048 solum
966 992 1094 1063 privatas
1114 1000 1228 1052 nostras

56 1110 209 1167 erumnas,
224 1095 277 1154 sed
289 1097 446 1155 communis
461 1093 563 1167 patrino
578 1091 740 1151 Germanic
755 1110 870 1168 quoqne
884 1098 1074 1170 exposuimus.
1098 1098 1228 1157 Vidimus

55 1216 173 1260 uxorem
187 1203 252 1274 ejus
266 1205 297 1259 et
310 1200 430 1274 liberos,
454 1216 575 1273 quorum
594 1206 702 1274 praeter
720 1201 834 1258 unicum
856 1200 945 1260 filium
966 1220 1148 1262 numerosum
1162 1220 1229 1278 pro·

56 1310 172 1364 ventmn
185 1306 285 1380 hahet,
301 1307 445 1364 electurus
460 1307 576 1364 exilium
590 1305 615 1362 si
629 1305 706 1379 quod
721 1306 832 1379 asylum
847 1315 969 1381 poteret,
985 1309 1033 1367 nbi
1043 1309 1160 1366 veritati
1175 1309 1227 1368 ad·

55 1411 164 1470 harere
179 1411 297 1486 impune
316 1412 425 1471 liceret
462 1410 595 1485 Optimus
614 1411 662 1468 hio
683 1412 728 1469 vir
748 1412 864 1470 tertium
883 1414 1042 1487 Augustam
1062 1415 1227 1488 scripserat,

55 1506 267 1590 expiscaturus,
292 1532 416 1589 quonam
439 1517 477 1574 in
492 1522 570 1575 statu
591 1532 638 1574 res
658 1532 729 1574 meae
741 1524 850 1601 'essent
888 1518 936 1579 Ad
954 1518 1041 1591 hujus
1055 1521 1110 1578 viri
1124 1532 1226 1577 manus

56 1619 152 1682 fideles
168 1623 396 1697 quadringentos
410 1623 539 1682 thaleros
553 1622 668 1696 reposui
682 1624 713 1679 in
728 1638 810 1680 nsum
825 1625 937 1697 negocii
951 1624 1123 1697 Augustani.

138 1728 218 1786 llum
232 1728 263 1786 in
278 1728 402 1800 hospitio
423 1729 455 1786 in
469 1727 590 1787 diadum
612 1745 706 1787 meum
722 1729 816 1788 nescio
833 1746 897 1801 quae
913 1732 1045 1802 assigno,
1062 1736 1224 1804 opportune

56 1833 187 1894 Liberius
201 1835 289 1906 venit
306 1834 355 1906 qui
369 1839 434 1906 post
449 1849 501 1892 nos
515 1834 647 1906 Augusta
662 1834 842 1893 discesserat.
873 1836 902 1892 Is
917 1835 1021 1906 omnia,
1045 1850 1109 1908 quae
1123 1834 1165 1892 ihi
1179 1851 1225 1894 ac·

57 1939 196 2014 ciderunt,
221 1937 305 1998 nobis
324 1939 474 2013 indicavit,
499 1944 530 1997 et
549 1940 627 1998 inter
646 1946 744 1998 cetera
766 1939 842 2011 quod
866 1939 893 1999 d.
910 1940 1058 1998 Masculus
1074 1957 1092 1998 a
1106 1955 1225 2000 munere

58 2044 248 2104 ecclesiastico
263 2048 375 2102 amotus
389 2048 475 2101 esset.
523 2044 596 2103 Item
611 2044 688 2116 quod
703 2061 793 2102 oaesar
808 2045 900 2104 trihus
916 2044 960 2118 (ut
974 2062 1050 2104 nunc
1065 2047 1227 2105 militariter

56 2148 221 2225 loquuntur)
235 2150 404 2223 tegimentis
418 2148 545 2223 peditum
560 2155 627 2208 ante
642 2148 779 2222 paludum
798 2153 829 2210 in
844 2152 969 2210 statione
989 2153 1107 2210 armatis
1122 2153 1224 2210 stanti-

56 2253 137 2314 busa
159 2260 264 2314 senatu
285 2254 455 2328 Augustano
476 2271 515 2314 an
536 2254 652 2313 interim
674 2255 720 2312 vel
740 2257 836 2329 potius
857 2257 1022 2329 operculum
1046 2256 1116 2316 illud
1137 2257 1225 2315 totius

57 2361 201 2435 papisticus
228 2362 381 2421 camarina
405 2360 551 2433 suscipere
579 2359 685 2418 vellent
708 2377 745 2417 an
770 2376 865 2434 secus,
890 2377 1059 2435 responsum
1085 2362 1224 2435 exegerit,

57 2464 129 2538 quod
141 2463 171 2524 d
186 2466 255 2524 vito
277 2481 331 2541 per
344 2461 533 2524 Etzdorffium
553 2462 782 2538 significabamus
802 2481 837 2523 ae
858 2464 979 2524 eundem
996 2469 1093 2524 nostro
1109 2466 1224 2524 nomine

59 2569 172 2630 salutari
185 2585 222 2630 sc
234 2568 396 2629 valedicere
408 2570 555 2642 iussimus.

137 2675 217 2735 lisia
232 2675 344 2736 Saevire
359 2675 474 2735 interim
488 2677 599 2750 recepit
618 2691 652 2734 ac
666 2675 709 2733 sic
722 2675 895 2750 Hispanicus
919 2676 1000 2733 miles
1015 2678 1166 2733 revocatus
1181 2681 1225 2734 est

59 2786 83 2840 et
96 2782 140 2860 (ut
156 2779 275 2855 dicitur)
296 2781 458 2855 Augustam
479 2787 605 2842 vocatus.
641 2779 697 2839 Sed
712 2781 784 2838 nihil
799 2780 972 2838 Halensihus
995 2780 1042 2838 hic
1055 2780 1141 2839 timor
1154 2796 1222 2853 pro-

58 2883 112 2961 luit,
127 2893 195 2960 post
208 2886 348 2962 pauculos
363 2885 424 2945 dies
440 2887 516 2946 Iberi
531 2902 581 2944 eos
602 2887 770 2946 inviserant.

139 2992 246 3060 Pransi
259 2972 349 3065 igitur
364 3008 461 3050 sumus
480 2992 614 3050 ‹mnvivas
629 2991 768 3051 hahentes
784 2991 905 3049 Paulum
928 2990 1071 3050 Leitschir
1087 2996 1116 3050 et
1129 2992 1222 3052 Bauc-

56 3112 112 3155 rum
127 3094 281 3171 quendam
307 3097 346 3176 ,A
367 3095 489 3171 prandio
510 3096 640 3154 Adriano
661 3096 727 3154 dodi
750 3097 877 3154 thaleros
904 3096 1041 3155 ducentos
1071 3101 1100 3154 et
1120 3097 1222 3169 viginti

56 3217 136 3263 mum
150 3218 186 3263 ac
201 3200 417 3276 quatuordecim
438 3202 536 3260 hatzos
551 3202 709 3275 Augustam
731 3198 914 3273 deferendos,
937 3207 969 3259 ut
991 3206 1098 3258 catenae
1115 3215 1220 3274 auree,

55 3323 112 3380 qua
133 3308 165 3365 in
184 3308 289 3381 pignus
309 3310 521 3380 remanserant,
551 3305 769 3364 redimerentur.
817 3305 936 3377 Accepit
959 3321 1072 3378 quoque
1093 3305 1220 3377 quinque

55 3411 176 3472 thaleros
191 3414 223 3482 ip
238 3413 373 3470 viaticum
396 3417 425 3470 et
445 3410 516 3470 duos
537 3413 562 3468 si
576 3408 650 3469 forte
672 3410 775 3483 hospes
790 3408 885 3470 foenus
901 3417 1021 3482 peteret.
1060 3411 1133 3469 Item
1149 3409 1221 3469 duos

55 3515 175 3577 thaleros
184 3516 341 3576 chunrado
351 3517 457 3591 Fabro‚
473 3518 498 3574 si
512 3513 587 3576 forte
600 3515 810 3588 horologiolmn
825 3522 956 3589 paratum
971 3520 1055 3574 esset.
1079 3515 1097 3573 J
1099 3517 1221 3575 ussimus

56 3636 163 3697 quoque
176 3622 299 3682 eundem
319 3622 446 3681 thaleros
469 3625 582 3680 centum
604 3618 711 3679 referre
736 3622 773 3681 ad
787 3621 944 3695 Rotgerum
966 3619 1027 3680 suff
1044 3621 1096 3680 der
1110 3621 1219 3693 Burgk.

57 3722 206 3801 Ipsinohis
221 3730 431 3788 reservavimus
446 3731 558 3786 centum
575 3732 604 3786 et
618 3726 738 3799 triginta
752 3731 861 3800 septem
876 3728 992 3788 toleres.

55 3837 60 3846 ⁴
136 3833 267 3893 Adduxit
280 3840 378 3893 autem
393 3849 489 3892 secum
503 3832 540 3891 ab
556 3831 688 3904 Augusta
703 3831 837 3890 Liberius
853 3833 975 3891 aulicum
991 3828 1133 3903 quendam
1148 3826 1220 3892 filio

59 3950 114 3995 mm
127 3939 261 3999 electoris
276 3939 418 4013 Senoniae,
433 3938 635 3997 Bclthasarum
652 3936 904 4011 Quindenberger‚
928 3937 977 4009 qui
991 3950 1010 3994 a
1024 3935 1107 3993 nohis
1120 3931 1160 3992 sd
1174 3946 1220 3992 oo-

64 4036 152 4102 mitem
164 4044 277 4104 itineris
292 4061 383 4118 usqne
398 4045 428 4102 in
443 4043 664 4104 Rudolstadium
679 4050 810 4116 receptus
826 4045 879 4100 est.

139 4147 266 4224 Singulis
304 4149 430 4223 denique
463 4150 571 4215 curatis
603 4150 720 4223 auspice
747 4147 802 4206 deo
829 4163 849 4209 a
880 4142 1065 4216 Noriuherga
1093 4138 1226 4202 lorche·
