<?xml version="1.0" encoding="UTF-8"?>
<!DOCTYPE html PUBLIC "-//W3C//DTD XHTML 1.0 Transitional//EN"
    "http://www.w3.org/TR/xhtml1/DTD/xhtml1-transitional.dtd">
<html xmlns="http://www.w3.org/1999/xhtml" xml:lang="en" lang="en">
 <head>
  <title>
</title>
<meta http-equiv="Content-Type" content="text/html;charset=utf-8" />
  <meta name='ocr-system' content='tesseract 3.04.00' />
  <meta name='ocr-capabilities' content='ocr_page ocr_carea ocr_par ocr_line ocrx_word'/>
</head>
<body>
  <div class='ocr_page' id='page_1' title='image "./desgrafenwolrad00trosgoog_0196.png"; bbox 0 0 2678 4546; ppageno 0'>
   <div class='ocr_carea' id='block_1_1' title="bbox 671 60 735 127">
    <p class='ocr_par' dir='ltr' id='par_1_1' title="bbox 671 60 735 127">
     <span class='ocr_line' id='line_1_1' title="bbox 671 60 735 127; baseline 0 0"><span class='ocrx_word' id='word_1_1' title='bbox 671 60 735 127; x_wconf 72' lang='grc'><strong>185</strong></span> 
     </span>
    </p>
   </div>
   <div class='ocr_carea' id='block_1_2' title="bbox 109 243 1285 4183">
    <p class='ocr_par' dir='ltr' id='par_1_2' title="bbox 109 243 1285 1571">
     <span class='ocr_line' id='line_1_2' title="bbox 110 243 1284 319; baseline -0.001 -14"><span class='ocrx_word' id='word_1_2' title='bbox 110 247 147 305; x_wconf 92' lang='lat' dir='ltr'><strong>ln</strong></span> <span class='ocrx_word' id='word_1_3' title='bbox 159 245 268 305; x_wconf 78' lang='lat' dir='ltr'><strong>litteris</strong></span> <span class='ocrx_word' id='word_1_4' title='bbox 282 244 461 304; x_wconf 70' lang='lat' dir='ltr'><strong>induciarum</strong></span> <span class='ocrx_word' id='word_1_5' title='bbox 482 243 630 317; x_wconf 72' lang='lat' dir='ltr'><strong>quibusvis</strong></span> <span class='ocrx_word' id='word_1_6' title='bbox 649 243 722 301; x_wconf 87' lang='lat' dir='ltr'><strong>liber</strong></span> <span class='ocrx_word' id='word_1_7' title='bbox 742 258 875 302; x_wconf 83' lang='lat' dir='ltr'><strong>accessus</strong></span> <span class='ocrx_word' id='word_1_8' title='bbox 895 260 931 302; x_wconf 83' lang='lat' dir='ltr'><strong>ex</strong></span> <span class='ocrx_word' id='word_1_9' title='bbox 945 243 1121 303; x_wconf 88' lang='lat' dir='ltr'><strong>Fcrdinandi</strong></span> <span class='ocrx_word' id='word_1_10' title='bbox 1140 247 1238 319; x_wconf 79' lang='lat' dir='ltr'><strong>regnis</strong></span> <span class='ocrx_word' id='word_1_11' title='bbox 1252 246 1284 304; x_wconf 90' lang='lat' dir='ltr'><strong>in</strong></span> 
     </span>
     <span class='ocr_line' id='line_1_3' title="bbox 110 348 1285 423; baseline -0.001 -14"><span class='ocrx_word' id='word_1_12' title='bbox 110 351 275 409; x_wconf 70' lang='lat' dir='ltr'><strong>&#39;lurcorum</strong></span> <span class='ocrx_word' id='word_1_13' title='bbox 288 350 410 422; x_wconf 91' lang='lat' dir='ltr'><strong>imperio</strong></span> <span class='ocrx_word' id='word_1_14' title='bbox 424 350 653 423; x_wconf 74' lang='lat' dir='ltr'><strong>negociationum</strong></span> <span class='ocrx_word' id='word_1_15' title='bbox 673 348 720 407; x_wconf 81' lang='lat' dir='ltr'><strong>rel</strong></span> <span class='ocrx_word' id='word_1_16' title='bbox 742 348 864 406; x_wconf 83' lang='lat' dir='ltr'><strong>aliarum</strong></span> <span class='ocrx_word' id='word_1_17' title='bbox 879 365 976 406; x_wconf 89' lang='lat' dir='ltr'><strong>rerum</strong></span> <span class='ocrx_word' id='word_1_18' title='bbox 990 365 1060 423; x_wconf 77' lang='lat' dir='ltr'><strong>ergo</strong></span> <span class='ocrx_word' id='word_1_19' title='bbox 1075 350 1240 409; x_wconf 74' lang='lat' dir='ltr'><strong>conceditur</strong></span> <span class='ocrx_word' id='word_1_20' title='bbox 1254 356 1285 410; x_wconf 89' lang='lat' dir='ltr'><strong>et</strong></span> 
     </span>
     <span class='ocr_line' id='line_1_4' title="bbox 110 452 1282 527; baseline 0 -14"><span class='ocrx_word' id='word_1_21' title='bbox 110 466 263 527; x_wconf 83' lang='lat' dir='ltr'><strong>econtra,</strong></span> <span class='ocrx_word' id='word_1_22' title='bbox 285 454 413 527; x_wconf 84' lang='lat' dir='ltr'><strong>exceptis</strong></span> <span class='ocrx_word' id='word_1_23' title='bbox 426 459 523 512; x_wconf 81' lang='lat' dir='ltr'><strong>tamen</strong></span> <span class='ocrx_word' id='word_1_24' title='bbox 536 454 683 526; x_wconf 80' lang='lat' dir='ltr'><strong>gentibus,</strong></span> <span class='ocrx_word' id='word_1_25' title='bbox 704 469 776 525; x_wconf 85' lang='lat' dir='ltr'><strong>qnos</strong></span> <span class='ocrx_word' id='word_1_26' title='bbox 791 452 987 526; x_wconf 68' lang='lat' dir='ltr'><strong>Hcpdelosem</strong></span> <span class='ocrx_word' id='word_1_27' title='bbox 1013 454 1202 527; x_wconf 79' lang='lat' dir='ltr'><strong>llariolosen,</strong></span> <span class='ocrx_word' id='word_1_28' title='bbox 1217 456 1282 513; x_wconf 71' lang='lat' dir='ltr'><strong>Vis-</strong></span> 
     </span>
     <span class='ocr_line' id='line_1_5' title="bbox 112 557 1282 630; baseline 0 -12"><span class='ocrx_word' id='word_1_29' title='bbox 112 559 214 618; x_wconf 79' lang='lat' dir='ltr'><strong>lmken</strong></span> <span class='ocrx_word' id='word_1_30' title='bbox 227 561 386 619; x_wconf 85' lang='lat' dir='ltr'><strong>nominant</strong></span> <span class='ocrx_word' id='word_1_31' title='bbox 418 559 570 617; x_wconf 80' lang='lat' dir='ltr'><strong>Provisum</strong></span> <span class='ocrx_word' id='word_1_32' title='bbox 584 565 630 617; x_wconf 90' lang='lat' dir='ltr'><strong>est</strong></span> <span class='ocrx_word' id='word_1_33' title='bbox 644 565 674 616; x_wconf 89' lang='lat' dir='ltr'><strong>et</strong></span> <span class='ocrx_word' id='word_1_34' title='bbox 687 560 717 615; x_wconf 92' lang='lat' dir='ltr'><strong>in</strong></span> <span class='ocrx_word' id='word_1_35' title='bbox 731 557 776 614; x_wconf 88' lang='lat' dir='ltr'><strong>bis</strong></span> <span class='ocrx_word' id='word_1_36' title='bbox 790 557 904 630; x_wconf 86' lang='lat' dir='ltr'><strong>litteris,</strong></span> <span class='ocrx_word' id='word_1_37' title='bbox 919 566 952 615; x_wconf 90' lang='lat' dir='ltr'><strong>ut</strong></span> <span class='ocrx_word' id='word_1_38' title='bbox 965 557 1136 630; x_wconf 85' lang='lat' dir='ltr'><strong>Rixaspides</strong></span> <span class='ocrx_word' id='word_1_39' title='bbox 1151 560 1282 619; x_wconf 81' lang='grc'><strong>11111111-</strong></span> 
     </span>
     <span class='ocr_line' id='line_1_6' title="bbox 112 661 1283 738; baseline 0 -16"><span class='ocrx_word' id='word_1_40' title='bbox 112 669 272 736; x_wconf 74' lang='grc'><strong>11111111</strong></span> <span class='ocrx_word' id='word_1_41' title='bbox 287 663 410 722; x_wconf 87' lang='lat' dir='ltr'><strong>dominis</strong></span> <span class='ocrx_word' id='word_1_42' title='bbox 423 665 616 723; x_wconf 78' lang='lat' dir='ltr'><strong>remittantur.</strong></span> <span class='ocrx_word' id='word_1_43' title='bbox 640 663 832 734; x_wconf 75' lang='lat' dir='ltr'><strong>lleprlelosen,</strong></span> <span class='ocrx_word' id='word_1_44' title='bbox 848 661 1035 735; x_wconf 77' lang='lat' dir='ltr'><strong>blartolosen,</strong></span> <span class='ocrx_word' id='word_1_45' title='bbox 1052 663 1200 722; x_wconf 71' lang='lat' dir='ltr'><strong>l&#39;iskulren</strong></span> <span class='ocrx_word' id='word_1_46' title='bbox 1213 680 1283 738; x_wconf 80' lang='lat' dir='ltr'><strong>gen·</strong></span> 
     </span>
     <span class='ocr_line' id='line_1_7' title="bbox 110 766 1284 840; baseline 0 -13"><span class='ocrx_word' id='word_1_47' title='bbox 110 775 155 827; x_wconf 77' lang='lat' dir='ltr'><strong>tes</strong></span> <span class='ocrx_word' id='word_1_48' title='bbox 170 767 292 827; x_wconf 90' lang='lat' dir='ltr'><strong>suntad</strong></span> <span class='ocrx_word' id='word_1_49' title='bbox 308 769 447 827; x_wconf 84' lang='lat' dir='ltr'><strong>terminos</strong></span> <span class='ocrx_word' id='word_1_50' title='bbox 467 766 681 826; x_wconf 85' lang='lat' dir='ltr'><strong>Pannoniarum</strong></span> <span class='ocrx_word' id='word_1_51' title='bbox 702 766 979 838; x_wconf 80' lang='lat' dir='ltr'><strong>Constantinopolim</strong></span> <span class='ocrx_word' id='word_1_52' title='bbox 1000 783 1116 840; x_wconf 75' lang='lat' dir='ltr'><strong>versus,</strong></span> <span class='ocrx_word' id='word_1_53' title='bbox 1137 767 1284 827; x_wconf 86' lang='lat' dir='ltr'><strong>bominum</strong></span> 
     </span>
     <span class='ocr_line' id='line_1_8' title="bbox 109 869 1284 947; baseline 0.001 -16"><span class='ocrx_word' id='word_1_54' title='bbox 109 889 203 946; x_wconf 81' lang='lat' dir='ltr'><strong>genna</strong></span> <span class='ocrx_word' id='word_1_55' title='bbox 224 871 287 931; x_wconf 85' lang='lat' dir='ltr'><strong>iere</strong></span> <span class='ocrx_word' id='word_1_56' title='bbox 310 871 450 944; x_wconf 76' lang='lat' dir='ltr'><strong>sylvestre</strong></span> <span class='ocrx_word' id='word_1_57' title='bbox 469 873 561 931; x_wconf 83' lang='lat' dir='ltr'><strong>instar</strong></span> <span class='ocrx_word' id='word_1_58' title='bbox 581 872 618 947; x_wconf 83' lang='lat' dir='ltr'><strong>(si</strong></span> <span class='ocrx_word' id='word_1_59' title='bbox 638 870 744 930; x_wconf 82' lang='lat' dir='ltr'><strong>fabulis</strong></span> <span class='ocrx_word' id='word_1_60' title='bbox 764 869 835 928; x_wconf 86' lang='lat' dir='ltr'><strong>fides</strong></span> <span class='ocrx_word' id='word_1_61' title='bbox 855 869 998 943; x_wconf 79' lang='lat' dir='ltr'><strong>habenda)</strong></span> <span class='ocrx_word' id='word_1_62' title='bbox 1019 874 1124 943; x_wconf 72' lang='lat' dir='ltr'><strong>satyris</strong></span> <span class='ocrx_word' id='word_1_63' title='bbox 1145 888 1284 932; x_wconf 82' lang='lat' dir='ltr'><strong>cavernas</strong></span> 
     </span>
     <span class='ocr_line' id='line_1_9' title="bbox 110 974 1283 1048; baseline 0.001 -13"><span class='ocrx_word' id='word_1_64' title='bbox 110 981 262 1048; x_wconf 88' lang='lat' dir='ltr'><strong>petrarum</strong></span> <span class='ocrx_word' id='word_1_65' title='bbox 277 981 308 1035; x_wconf 89' lang='lat' dir='ltr'><strong>et</strong></span> <span class='ocrx_word' id='word_1_66' title='bbox 320 974 444 1048; x_wconf 86' lang='lat' dir='ltr'><strong>abrupta</strong></span> <span class='ocrx_word' id='word_1_67' title='bbox 453 977 592 1034; x_wconf 89' lang='lat' dir='ltr'><strong>montium</strong></span> <span class='ocrx_word' id='word_1_68' title='bbox 601 976 803 1047; x_wconf 77' lang='lat' dir='ltr'><strong>inhabitantes,</strong></span> <span class='ocrx_word' id='word_1_69' title='bbox 820 992 855 1032; x_wconf 85' lang='lat' dir='ltr'><strong>ex</strong></span> <span class='ocrx_word' id='word_1_70' title='bbox 870 976 970 1047; x_wconf 74' lang='lat' dir='ltr'><strong>praeda</strong></span> <span class='ocrx_word' id='word_1_71' title='bbox 985 984 1012 1034; x_wconf 89' lang='lat' dir='ltr'><strong>et</strong></span> <span class='ocrx_word' id='word_1_72' title='bbox 1029 975 1187 1034; x_wconf 87' lang='lat' dir='ltr'><strong>latrociniis</strong></span> <span class='ocrx_word' id='word_1_73' title='bbox 1201 978 1283 1036; x_wconf 82' lang='lat' dir='ltr'><strong>ricti-</strong></span> 
     </span>
     <span class='ocr_line' id='line_1_10' title="bbox 110 1078 1284 1154; baseline 0.003 -16"><span class='ocrx_word' id='word_1_74' title='bbox 110 1086 215 1154; x_wconf 83' lang='lat' dir='ltr'><strong>tantcs‚</strong></span> <span class='ocrx_word' id='word_1_75' title='bbox 232 1081 284 1152; x_wconf 87' lang='lat' dir='ltr'><strong>qui</strong></span> <span class='ocrx_word' id='word_1_76' title='bbox 305 1079 482 1139; x_wconf 80' lang='lat' dir='ltr'><strong>Christianos</strong></span> <span class='ocrx_word' id='word_1_77' title='bbox 506 1082 536 1138; x_wconf 93' lang='lat' dir='ltr'><strong>in</strong></span> <span class='ocrx_word' id='word_1_78' title='bbox 551 1081 684 1138; x_wconf 86' lang='lat' dir='ltr'><strong>Turciam</strong></span> <span class='ocrx_word' id='word_1_79' title='bbox 707 1078 920 1152; x_wconf 86' lang='lat' dir='ltr'><strong>proficiscentes</strong></span> <span class='ocrx_word' id='word_1_80' title='bbox 935 1080 980 1136; x_wconf 82' lang='lat' dir='ltr'><strong>rel</strong></span> <span class='ocrx_word' id='word_1_81' title='bbox 995 1096 1012 1136; x_wconf 89' lang='lat' dir='ltr'><strong>a</strong></span> <span class='ocrx_word' id='word_1_82' title='bbox 1028 1082 1224 1152; x_wconf 81' lang='lat' dir='ltr'><strong>negociatione</strong></span> <span class='ocrx_word' id='word_1_83' title='bbox 1239 1098 1284 1142; x_wconf 89' lang='lat' dir='ltr'><strong>rc·</strong></span> 
     </span>
     <span class='ocr_line' id='line_1_11' title="bbox 112 1183 1283 1258; baseline 0.003 -16"><span class='ocrx_word' id='word_1_84' title='bbox 112 1184 234 1243; x_wconf 75' lang='lat' dir='ltr'><strong>deantes</strong></span> <span class='ocrx_word' id='word_1_85' title='bbox 254 1184 321 1244; x_wconf 93' lang='lat' dir='ltr'><strong>dolo</strong></span> <span class='ocrx_word' id='word_1_86' title='bbox 340 1185 550 1258; x_wconf 76' lang='lat' dir='ltr'><strong>aggrediuntur</strong></span> <span class='ocrx_word' id='word_1_87' title='bbox 570 1201 604 1242; x_wconf 88' lang='lat' dir='ltr'><strong>ac</strong></span> <span class='ocrx_word' id='word_1_88' title='bbox 624 1183 703 1243; x_wconf 83' lang='lat' dir='ltr'><strong>furto</strong></span> <span class='ocrx_word' id='word_1_89' title='bbox 726 1185 886 1256; x_wconf 88' lang='lat' dir='ltr'><strong>abducunt,</strong></span> <span class='ocrx_word' id='word_1_90' title='bbox 912 1199 961 1241; x_wconf 89' lang='lat' dir='ltr'><strong>eos</strong></span> <span class='ocrx_word' id='word_1_91' title='bbox 985 1187 1030 1243; x_wconf 77' lang='lat' dir='ltr'><strong>rel</strong></span> <span class='ocrx_word' id='word_1_92' title='bbox 1045 1186 1213 1258; x_wconf 77' lang='lat' dir='ltr'><strong>pendentes,</strong></span> <span class='ocrx_word' id='word_1_93' title='bbox 1236 1186 1283 1246; x_wconf 81' lang='lat' dir='ltr'><strong>rel</strong></span> 
     </span>
     <span class='ocr_line' id='line_1_12' title="bbox 111 1286 1284 1363; baseline 0.002 -16"><span class='ocrx_word' id='word_1_94' title='bbox 111 1286 297 1347; x_wconf 84' lang='lat' dir='ltr'><strong>facultatibus</strong></span> <span class='ocrx_word' id='word_1_95' title='bbox 317 1290 496 1348; x_wconf 83' lang='lat' dir='ltr'><strong>mulctantes.</strong></span> <span class='ocrx_word' id='word_1_96' title='bbox 534 1289 677 1346; x_wconf 86' lang='lat' dir='ltr'><strong>Dicuntur</strong></span> <span class='ocrx_word' id='word_1_97' title='bbox 699 1295 877 1346; x_wconf 68' lang='lat' dir='ltr'><strong>commosse</strong></span> <span class='ocrx_word' id='word_1_98' title='bbox 899 1288 1027 1346; x_wconf 90' lang='lat' dir='ltr'><strong>homines</strong></span> <span class='ocrx_word' id='word_1_99' title='bbox 1043 1291 1181 1362; x_wconf 88' lang='lat' dir='ltr'><strong>inermes,</strong></span> <span class='ocrx_word' id='word_1_100' title='bbox 1204 1290 1284 1363; x_wconf 89' lang='lat' dir='ltr'><strong>apud</strong></span> 
     </span>
     <span class='ocr_line' id='line_1_13' title="bbox 111 1389 1280 1468; baseline 0.003 -18"><span class='ocrx_word' id='word_1_101' title='bbox 111 1409 183 1464; x_wconf 81' lang='lat' dir='ltr'><strong>quoa</strong></span> <span class='ocrx_word' id='word_1_102' title='bbox 207 1392 304 1450; x_wconf 84' lang='lat' dir='ltr'><strong>nullus</strong></span> <span class='ocrx_word' id='word_1_103' title='bbox 322 1402 468 1451; x_wconf 87' lang='lat' dir='ltr'><strong>armornm</strong></span> <span class='ocrx_word' id='word_1_104' title='bbox 486 1411 555 1452; x_wconf 89' lang='lat' dir='ltr'><strong>usus</strong></span> <span class='ocrx_word' id='word_1_105' title='bbox 576 1395 629 1464; x_wconf 87' lang='lat' dir='ltr'><strong>sit,</strong></span> <span class='ocrx_word' id='word_1_106' title='bbox 650 1399 755 1464; x_wconf 87' lang='lat' dir='ltr'><strong>praeter</strong></span> <span class='ocrx_word' id='word_1_107' title='bbox 775 1389 865 1450; x_wconf 87' lang='lat' dir='ltr'><strong>fustes</strong></span> <span class='ocrx_word' id='word_1_108' title='bbox 880 1393 990 1465; x_wconf 88' lang='lat' dir='ltr'><strong>ligneos</strong></span> <span class='ocrx_word' id='word_1_109' title='bbox 1006 1394 1051 1451; x_wconf 89' lang='lat' dir='ltr'><strong>vel</strong></span> <span class='ocrx_word' id='word_1_110' title='bbox 1065 1396 1192 1468; x_wconf 81' lang='lat' dir='ltr'><strong>perticas</strong></span> <span class='ocrx_word' id='word_1_111' title='bbox 1205 1411 1280 1467; x_wconf 83' lang='lat' dir='ltr'><strong>prae·</strong></span> 
     </span>
     <span class='ocr_line' id='line_1_14' title="bbox 114 1497 908 1571; baseline -0.003 -15"><span class='ocrx_word' id='word_1_112' title='bbox 114 1498 290 1556; x_wconf 84' lang='lat' dir='ltr'><strong>acuminatas</strong></span> <span class='ocrx_word' id='word_1_113' title='bbox 305 1498 408 1556; x_wconf 88' lang='lat' dir='ltr'><strong>Turcis</strong></span> <span class='ocrx_word' id='word_1_114' title='bbox 422 1514 505 1571; x_wconf 77' lang='lat' dir='ltr'><strong>teque</strong></span> <span class='ocrx_word' id='word_1_115' title='bbox 520 1515 554 1556; x_wconf 89' lang='lat' dir='ltr'><strong>ac</strong></span> <span class='ocrx_word' id='word_1_116' title='bbox 570 1498 740 1556; x_wconf 86' lang='lat' dir='ltr'><strong>Christianis</strong></span> <span class='ocrx_word' id='word_1_117' title='bbox 755 1497 840 1555; x_wconf 83' lang='lat' dir='ltr'><strong>invisi</strong></span> <span class='ocrx_word' id='word_1_118' title='bbox 855 1503 908 1555; x_wconf 84' lang='lat' dir='ltr'><strong>etc.</strong></span> 
     </span>
    </p>

    <p class='ocr_par' dir='ltr' id='par_1_3' title="bbox 117 1601 1283 1779">
     <span class='ocr_line' id='line_1_15' title="bbox 199 1601 1283 1677; baseline 0.001 -18"><span class='ocrx_word' id='word_1_119' title='bbox 199 1602 364 1676; x_wconf 63' lang='lat' dir='ltr'><strong>(tributum,</strong></span> <span class='ocrx_word' id='word_1_120' title='bbox 378 1603 457 1677; x_wconf 85' lang='lat' dir='ltr'><strong>quod</strong></span> <span class='ocrx_word' id='word_1_121' title='bbox 471 1602 686 1662; x_wconf 85' lang='lat' dir='ltr'><strong>aFerdinando</strong></span> <span class='ocrx_word' id='word_1_122' title='bbox 696 1602 854 1659; x_wconf 86' lang='lat' dir='ltr'><strong>ancarum</strong></span> <span class='ocrx_word' id='word_1_123' title='bbox 870 1602 1037 1674; x_wconf 88' lang='lat' dir='ltr'><strong>imperatori</strong></span> <span class='ocrx_word' id='word_1_124' title='bbox 1052 1602 1148 1676; x_wconf 90' lang='lat' dir='ltr'><strong>datur,</strong></span> <span class='ocrx_word' id='word_1_125' title='bbox 1164 1601 1202 1660; x_wconf 90' lang='lat' dir='ltr'><strong>ad</strong></span> <span class='ocrx_word' id='word_1_126' title='bbox 1216 1618 1283 1674; x_wconf 91' lang='lat' dir='ltr'><strong>por·</strong></span> 
     </span>
     <span class='ocr_line' id='line_1_16' title="bbox 117 1707 974 1779; baseline -0.004 -14"><span class='ocrx_word' id='word_1_127' title='bbox 117 1712 172 1764; x_wconf 86' lang='lat' dir='ltr'><strong>tam</strong></span> <span class='ocrx_word' id='word_1_128' title='bbox 186 1712 319 1765; x_wconf 82' lang='grc'><strong>1111111111</strong></span> <span class='ocrx_word' id='word_1_129' title='bbox 332 1723 387 1779; x_wconf 89' lang='lat' dir='ltr'><strong>per</strong></span> <span class='ocrx_word' id='word_1_130' title='bbox 401 1708 548 1766; x_wconf 90' lang='lat' dir='ltr'><strong>ministros</strong></span> <span class='ocrx_word' id='word_1_131' title='bbox 562 1709 657 1779; x_wconf 82' lang='lat' dir='ltr'><strong>regios</strong></span> <span class='ocrx_word' id='word_1_132' title='bbox 673 1707 826 1777; x_wconf 91' lang='lat' dir='ltr'><strong>quotannis</strong></span> <span class='ocrx_word' id='word_1_133' title='bbox 841 1707 974 1763; x_wconf 87' lang='lat' dir='ltr'><strong>mittitur.</strong></span> 
     </span>
    </p>

    <p class='ocr_par' dir='ltr' id='par_1_4' title="bbox 117 1808 1282 1990">
     <span class='ocr_line' id='line_1_17' title="bbox 201 1808 1282 1884; baseline 0.001 -16"><span class='ocrx_word' id='word_1_134' title='bbox 201 1810 362 1870; x_wconf 86' lang='lat' dir='ltr'><strong>&#39;l&#39;nrcarum</strong></span> <span class='ocrx_word' id='word_1_135' title='bbox 376 1813 533 1884; x_wconf 88' lang='lat' dir='ltr'><strong>imperator</strong></span> <span class='ocrx_word' id='word_1_136' title='bbox 548 1813 578 1868; x_wconf 88' lang='lat' dir='ltr'><strong>in</strong></span> <span class='ocrx_word' id='word_1_137' title='bbox 593 1810 785 1869; x_wconf 89' lang='lat' dir='ltr'><strong>contractibus</strong></span> <span class='ocrx_word' id='word_1_138' title='bbox 801 1811 855 1867; x_wconf 91' lang='lat' dir='ltr'><strong>hoc</strong></span> <span class='ocrx_word' id='word_1_139' title='bbox 870 1809 1017 1867; x_wconf 82' lang='lat' dir='ltr'><strong>exordium</strong></span> <span class='ocrx_word' id='word_1_140' title='bbox 1032 1816 1144 1869; x_wconf 81' lang='lat' dir='ltr'><strong>serrat:</strong></span> <span class='ocrx_word' id='word_1_141' title='bbox 1167 1808 1282 1869; x_wconf 85' lang='lat' dir='ltr'><strong>Auxilio</strong></span> 
     </span>
     <span class='ocr_line' id='line_1_18' title="bbox 117 1913 945 1990; baseline 0 -20"><span class='ocrx_word' id='word_1_142' title='bbox 117 1913 158 1972; x_wconf 91' lang='lat' dir='ltr'><strong>dei</strong></span> <span class='ocrx_word' id='word_1_143' title='bbox 170 1917 376 1990; x_wconf 83' lang='lat' dir='ltr'><strong>omnipotentis</strong></span> <span class='ocrx_word' id='word_1_144' title='bbox 390 1923 421 1975; x_wconf 93' lang='lat' dir='ltr'><strong>et</strong></span> <span class='ocrx_word' id='word_1_145' title='bbox 434 1916 557 1988; x_wconf 90' lang='lat' dir='ltr'><strong>apostoli</strong></span> <span class='ocrx_word' id='word_1_146' title='bbox 573 1916 666 1974; x_wconf 84' lang='lat' dir='ltr'><strong>nostri</strong></span> <span class='ocrx_word' id='word_1_147' title='bbox 680 1916 772 1972; x_wconf 85' lang='lat' dir='ltr'><strong>sancti</strong></span> <span class='ocrx_word' id='word_1_148' title='bbox 788 1913 945 1972; x_wconf 77' lang='lat' dir='ltr'><strong>blahomet.</strong></span> 
     </span>
    </p>

    <p class='ocr_par' dir='ltr' id='par_1_5' title="bbox 116 2017 1282 2198">
     <span class='ocr_line' id='line_1_19' title="bbox 198 2017 1282 2101; baseline -0.004 -22"><span class='ocrx_word' id='word_1_149' title='bbox 198 2019 341 2079; x_wconf 88' lang='lat' dir='ltr'><strong>Undecim</strong></span> <span class='ocrx_word' id='word_1_150' title='bbox 359 2020 521 2101; x_wconf 33' lang='lat' dir='ltr'><strong>‚ducatuum</strong></span> <span class='ocrx_word' id='word_1_151' title='bbox 541 2020 665 2079; x_wconf 88' lang='lat' dir='ltr'><strong>barones</strong></span> <span class='ocrx_word' id='word_1_152' title='bbox 688 2027 717 2078; x_wconf 90' lang='grc'><strong>11</strong></span> <span class='ocrx_word' id='word_1_153' title='bbox 739 2019 849 2076; x_wconf 91' lang='lat' dir='ltr'><strong>nobiles</strong></span> <span class='ocrx_word' id='word_1_154' title='bbox 870 2017 997 2091; x_wconf 85' lang='lat' dir='ltr'><strong>ungarici</strong></span> <span class='ocrx_word' id='word_1_155' title='bbox 1013 2018 1172 2076; x_wconf 89' lang='lat' dir='ltr'><strong>Turcarnm</strong></span> <span class='ocrx_word' id='word_1_156' title='bbox 1192 2018 1282 2092; x_wconf 90' lang='lat' dir='ltr'><strong>impo-</strong></span> 
     </span>
     <span class='ocr_line' id='line_1_20' title="bbox 116 2124 701 2198; baseline -0.002 -15"><span class='ocrx_word' id='word_1_157' title='bbox 116 2124 201 2183; x_wconf 81' lang='lat' dir='ltr'><strong>ratori</strong></span> <span class='ocrx_word' id='word_1_158' title='bbox 216 2125 326 2184; x_wconf 83' lang='lat' dir='ltr'><strong>tributa</strong></span> <span class='ocrx_word' id='word_1_159' title='bbox 339 2124 467 2198; x_wconf 87' lang='lat' dir='ltr'><strong>pendere</strong></span> <span class='ocrx_word' id='word_1_160' title='bbox 482 2126 611 2198; x_wconf 86' lang='lat' dir='ltr'><strong>stipulati</strong></span> <span class='ocrx_word' id='word_1_161' title='bbox 626 2130 701 2183; x_wconf 90' lang='lat' dir='ltr'><strong>sunt.</strong></span> 
     </span>
    </p>

    <p class='ocr_par' dir='ltr' id='par_1_6' title="bbox 120 2226 1282 2391">
     <span class='ocr_line' id='line_1_21' title="bbox 198 2226 1282 2304; baseline -0.002 -17"><span class='ocrx_word' id='word_1_162' title='bbox 198 2228 337 2303; x_wconf 73' lang='lat' dir='ltr'><strong>Zamam,</strong></span> <span class='ocrx_word' id='word_1_163' title='bbox 353 2229 552 2304; x_wconf 79' lang='lat' dir='ltr'><strong>Begeboiarii,</strong></span> <span class='ocrx_word' id='word_1_164' title='bbox 570 2231 733 2302; x_wconf 77' lang='lat' dir='ltr'><strong>Zanzegen‚</strong></span> <span class='ocrx_word' id='word_1_165' title='bbox 750 2227 890 2301; x_wconf 81' lang='lat' dir='ltr'><strong>Zeugma,</strong></span> <span class='ocrx_word' id='word_1_166' title='bbox 907 2226 1002 2286; x_wconf 88' lang='lat' dir='ltr'><strong>Glissa</strong></span> <span class='ocrx_word' id='word_1_167' title='bbox 1016 2229 1197 2300; x_wconf 87' lang='lat' dir='ltr'><strong>receptacula</strong></span> <span class='ocrx_word' id='word_1_168' title='bbox 1211 2227 1282 2286; x_wconf 90' lang='lat' dir='ltr'><strong>Hei·</strong></span> 
     </span>
     <span class='ocr_line' id='line_1_22' title="bbox 120 2329 1165 2391; baseline 0.007 -1"><span class='ocrx_word' id='word_1_169' title='bbox 120 2329 291 2391; x_wconf 87' lang='lat' dir='ltr'><strong>docbiorum.</strong></span> <span class='ocrx_word' id='word_1_170' title='bbox 1162 2383 1165 2389; x_wconf 89' lang='lat'><em>.</em></span> 
     </span>
    </p>

    <p class='ocr_par' dir='ltr' id='par_1_7' title="bbox 118 2435 1282 2722">
     <span class='ocr_line' id='line_1_23' title="bbox 198 2435 1282 2512; baseline -0.004 -16"><span class='ocrx_word' id='word_1_171' title='bbox 198 2437 325 2512; x_wconf 90' lang='lat' dir='ltr'><strong>Datum,</strong></span> <span class='ocrx_word' id='word_1_172' title='bbox 346 2443 380 2497; x_wconf 91' lang='lat' dir='ltr'><strong>ut</strong></span> <span class='ocrx_word' id='word_1_173' title='bbox 398 2445 518 2511; x_wconf 81' lang='lat' dir='ltr'><strong>vocam,</strong></span> <span class='ocrx_word' id='word_1_174' title='bbox 543 2439 703 2498; x_wconf 85' lang='lat' dir='ltr'><strong>litterarum</strong></span> <span class='ocrx_word' id='word_1_175' title='bbox 725 2437 903 2496; x_wconf 85' lang='lat' dir='ltr'><strong>induciarum</strong></span> <span class='ocrx_word' id='word_1_176' title='bbox 923 2438 964 2494; x_wconf 89' lang='lat' dir='ltr'><strong>sic</strong></span> <span class='ocrx_word' id='word_1_177' title='bbox 982 2435 1082 2495; x_wconf 90' lang='lat' dir='ltr'><strong>habet:</strong></span> <span class='ocrx_word' id='word_1_178' title='bbox 1114 2435 1199 2494; x_wconf 88' lang='lat' dir='ltr'><strong>Anno</strong></span> <span class='ocrx_word' id='word_1_179' title='bbox 1221 2436 1282 2493; x_wconf 89' lang='lat' dir='ltr'><strong>nati</strong></span> 
     </span>
     <span class='ocr_line' id='line_1_24' title="bbox 118 2522 1281 2616; baseline -0.002 -19"><span class='ocrx_word' id='word_1_180' title='bbox 118 2543 235 2612; x_wconf 81' lang='lat' dir='ltr'><strong>apostoli</strong></span> <span class='ocrx_word' id='word_1_181' title='bbox 267 2542 360 2601; x_wconf 83' lang='lat' dir='ltr'><strong>nostri</strong></span> <span class='ocrx_word' id='word_1_182' title='bbox 386 2545 602 2615; x_wconf 79' lang='lat' dir='ltr'><strong>nongentesimo</strong></span> <span class='ocrx_word' id='word_1_183' title='bbox 631 2544 866 2616; x_wconf 81' lang='lat' dir='ltr'><strong>quinquagesimo</strong></span> <span class='ocrx_word' id='word_1_184' title='bbox 893 2557 983 2613; x_wconf 87' lang='lat' dir='ltr'><strong>nono,</strong></span> <span class='ocrx_word' id='word_1_185' title='bbox 1015 2541 1114 2598; x_wconf 90' lang='lat' dir='ltr'><strong>ultima</strong></span> <span class='ocrx_word' id='word_1_186' title='bbox 1136 2522 1281 2611; x_wconf 79' lang='lat' dir='ltr'><strong>Octobris3</strong></span> 
     </span>
     <span class='ocr_line' id='line_1_25' title="bbox 120 2647 800 2722; baseline -0.003 -17"><span class='ocrx_word' id='word_1_187' title='bbox 120 2648 180 2705; x_wconf 81' lang='lat' dir='ltr'><strong>anni</strong></span> <span class='ocrx_word' id='word_1_188' title='bbox 194 2664 266 2707; x_wconf 82' lang='lat' dir='ltr'><strong>vcro</strong></span> <span class='ocrx_word' id='word_1_189' title='bbox 282 2647 464 2706; x_wconf 86' lang='lat' dir='ltr'><strong>induciarum</strong></span> <span class='ocrx_word' id='word_1_190' title='bbox 474 2650 536 2722; x_wconf 90' lang='lat' dir='ltr'><strong>jam</strong></span> <span class='ocrx_word' id='word_1_191' title='bbox 550 2654 610 2707; x_wconf 91' lang='lat' dir='ltr'><strong>tres</strong></span> <span class='ocrx_word' id='word_1_192' title='bbox 624 2648 800 2721; x_wconf 80' lang='lat' dir='ltr'><strong>praeteriere.</strong></span> 
     </span>
    </p>

    <p class='ocr_par' dir='ltr' id='par_1_8' title="bbox 199 2748 1280 2825">
     <span class='ocr_line' id='line_1_26' title="bbox 199 2748 1280 2825; baseline -0.004 -15"><span class='ocrx_word' id='word_1_193' title='bbox 199 2750 347 2824; x_wconf 82' lang='lat' dir='ltr'><strong>libarius,</strong></span> <span class='ocrx_word' id='word_1_194' title='bbox 359 2756 393 2809; x_wconf 92' lang='lat' dir='ltr'><strong>ut</strong></span> <span class='ocrx_word' id='word_1_195' title='bbox 400 2752 462 2825; x_wconf 92' lang='lat' dir='ltr'><strong>ipse</strong></span> <span class='ocrx_word' id='word_1_196' title='bbox 472 2753 579 2825; x_wconf 87' lang='lat' dir='ltr'><strong>ajebat,</strong></span> <span class='ocrx_word' id='word_1_197' title='bbox 589 2758 657 2810; x_wconf 91' lang='lat' dir='ltr'><strong>ante</strong></span> <span class='ocrx_word' id='word_1_198' title='bbox 665 2750 942 2822; x_wconf 77' lang='lat' dir='ltr'><strong>meridieml&#39;iglium</strong></span> <span class='ocrx_word' id='word_1_199' title='bbox 954 2750 1106 2807; x_wconf 83' lang='lat' dir='ltr'><strong>convenire</strong></span> <span class='ocrx_word' id='word_1_200' title='bbox 1114 2748 1280 2820; x_wconf 88' lang='lat' dir='ltr'><strong>nonpotuit.</strong></span> 
     </span>
    </p>

    <p class='ocr_par' dir='ltr' id='par_1_9' title="bbox 119 2853 1282 3242">
     <span class='ocr_line' id='line_1_27' title="bbox 195 2853 1282 2930; baseline -0.004 -16"><span class='ocrx_word' id='word_1_201' title='bbox 195 2854 309 2914; x_wconf 85' lang='lat' dir='ltr'><strong>Eadem</strong></span> <span class='ocrx_word' id='word_1_202' title='bbox 323 2857 469 2914; x_wconf 88' lang='lat' dir='ltr'><strong>hortulum</strong></span> <span class='ocrx_word' id='word_1_203' title='bbox 491 2859 592 2915; x_wconf 86' lang='lat' dir='ltr'><strong>animae</strong></span> <span class='ocrx_word' id='word_1_204' title='bbox 609 2875 626 2914; x_wconf 88' lang='grc'><strong>1</strong></span> <span class='ocrx_word' id='word_1_205' title='bbox 642 2857 768 2930; x_wconf 84' lang='lat' dir='ltr'><strong>Georgio</strong></span> <span class='ocrx_word' id='word_1_206' title='bbox 783 2857 907 2929; x_wconf 86' lang='lat' dir='ltr'><strong>quodam</strong></span> <span class='ocrx_word' id='word_1_207' title='bbox 920 2855 1152 2927; x_wconf 79' lang='lat' dir='ltr'><strong>Norinbergense</strong></span> <span class='ocrx_word' id='word_1_208' title='bbox 1167 2853 1204 2911; x_wconf 89' lang='lat' dir='ltr'><strong>ab</strong></span> <span class='ocrx_word' id='word_1_209' title='bbox 1218 2853 1282 2924; x_wconf 87' lang='lat' dir='ltr'><strong>ipso</strong></span> 
     </span>
     <span class='ocr_line' id='line_1_28' title="bbox 119 2954 1282 3032; baseline -0.003 -15"><span class='ocrx_word' id='word_1_210' title='bbox 119 2954 224 3017; x_wconf 81' lang='lat' dir='ltr'><strong>filiabus</strong></span> <span class='ocrx_word' id='word_1_211' title='bbox 238 2961 300 3018; x_wconf 86' lang='lat' dir='ltr'><strong>suis</strong></span> <span class='ocrx_word' id='word_1_212' title='bbox 314 2961 481 3032; x_wconf 86' lang='lat' dir='ltr'><strong>inscriptam</strong></span> <span class='ocrx_word' id='word_1_213' title='bbox 500 2966 530 3019; x_wconf 89' lang='lat' dir='ltr'><strong>et</strong></span> <span class='ocrx_word' id='word_1_214' title='bbox 551 2961 773 3031; x_wconf 84' lang='lat' dir='ltr'><strong>consolationem</strong></span> <span class='ocrx_word' id='word_1_215' title='bbox 795 2958 1023 3018; x_wconf 83' lang='lat' dir='ltr'><strong>christifidelium</strong></span> <span class='ocrx_word' id='word_1_216' title='bbox 1038 2960 1068 3016; x_wconf 94' lang='lat' dir='ltr'><strong>in</strong></span> <span class='ocrx_word' id='word_1_217' title='bbox 1083 2959 1282 3031; x_wconf 87' lang='lat' dir='ltr'><strong>persecutione</strong></span> 
     </span>
     <span class='ocr_line' id='line_1_29' title="bbox 119 3063 1282 3144; baseline -0.004 -21"><span class='ocrx_word' id='word_1_218' title='bbox 119 3078 164 3135; x_wconf 80' lang='lat' dir='ltr'><strong>per</strong></span> <span class='ocrx_word' id='word_1_219' title='bbox 179 3064 351 3139; x_wconf 80' lang='lat' dir='ltr'><strong>magistrum</strong></span> <span class='ocrx_word' id='word_1_220' title='bbox 370 3064 467 3144; x_wconf 83' lang='lat' dir='ltr'><strong>Vitam</strong></span> <span class='ocrx_word' id='word_1_221' title='bbox 489 3064 672 3123; x_wconf 85' lang='lat' dir='ltr'><strong>Theodorum</strong></span> <span class='ocrx_word' id='word_1_222' title='bbox 699 3067 889 3137; x_wconf 87' lang='lat' dir='ltr'><strong>conscriptam</strong></span> <span class='ocrx_word' id='word_1_223' title='bbox 917 3081 970 3138; x_wconf 91' lang='lat' dir='ltr'><strong>pro</strong></span> <span class='ocrx_word' id='word_1_224' title='bbox 990 3063 1106 3122; x_wconf 85' lang='lat' dir='ltr'><strong>domina</strong></span> <span class='ocrx_word' id='word_1_225' title='bbox 1126 3077 1210 3120; x_wconf 87' lang='lat' dir='ltr'><strong>socru</strong></span> <span class='ocrx_word' id='word_1_226' title='bbox 1230 3077 1282 3119; x_wconf 86' lang='lat' dir='ltr'><strong>sex</strong></span> 
     </span>
     <span class='ocr_line' id='line_1_30' title="bbox 120 3164 390 3242; baseline -0.004 -15"><span class='ocrx_word' id='word_1_227' title='bbox 120 3164 200 3227; x_wconf 77' lang='lat' dir='ltr'><strong>latria</strong></span> <span class='ocrx_word' id='word_1_228' title='bbox 213 3170 390 3242; x_wconf 79' lang='lat' dir='ltr'><strong>comparari.</strong></span> 
     </span>
    </p>

    <p class='ocr_par' dir='ltr' id='par_1_10' title="bbox 124 3270 1282 4183">
     <span class='ocr_line' id='line_1_31' title="bbox 195 3270 1280 3346; baseline -0.005 -15"><span class='ocrx_word' id='word_1_229' title='bbox 195 3271 308 3331; x_wconf 81' lang='lat' dir='ltr'><strong>Eadem</strong></span> <span class='ocrx_word' id='word_1_230' title='bbox 331 3272 398 3332; x_wconf 88' lang='lat' dir='ltr'><strong>dum</strong></span> <span class='ocrx_word' id='word_1_231' title='bbox 420 3271 458 3329; x_wconf 90' lang='lat' dir='ltr'><strong>ab</strong></span> <span class='ocrx_word' id='word_1_232' title='bbox 477 3273 600 3345; x_wconf 90' lang='lat' dir='ltr'><strong>hospitio</strong></span> <span class='ocrx_word' id='word_1_233' title='bbox 621 3272 765 3330; x_wconf 88' lang='lat' dir='ltr'><strong>Wilhelmi</strong></span> <span class='ocrx_word' id='word_1_234' title='bbox 786 3274 897 3331; x_wconf 88' lang='lat' dir='ltr'><strong>comitis</strong></span> <span class='ocrx_word' id='word_1_235' title='bbox 920 3277 999 3330; x_wconf 87' lang='lat' dir='ltr'><strong>recta</strong></span> <span class='ocrx_word' id='word_1_236' title='bbox 1028 3289 1081 3346; x_wconf 91' lang='lat' dir='ltr'><strong>per</strong></span> <span class='ocrx_word' id='word_1_237' title='bbox 1109 3270 1280 3329; x_wconf 88' lang='lat' dir='ltr'><strong>dominicum</strong></span> 
     </span>
     <span class='ocr_line' id='line_1_32' title="bbox 124 3373 1282 3450; baseline -0.003 -15"><span class='ocrx_word' id='word_1_238' title='bbox 124 3381 293 3435; x_wconf 78' lang='grc'><strong>1111111111</strong></span> <span class='ocrx_word' id='word_1_239' title='bbox 312 3375 467 3448; x_wconf 84' lang='lat' dir='ltr'><strong>hospitium</strong></span> <span class='ocrx_word' id='word_1_240' title='bbox 485 3384 615 3436; x_wconf 89' lang='lat' dir='ltr'><strong>nostrum</strong></span> <span class='ocrx_word' id='word_1_241' title='bbox 638 3378 774 3450; x_wconf 82' lang='lat' dir='ltr'><strong>petimus,</strong></span> <span class='ocrx_word' id='word_1_242' title='bbox 798 3376 918 3434; x_wconf 85' lang='lat' dir='ltr'><strong>vidimus</strong></span> <span class='ocrx_word' id='word_1_243' title='bbox 940 3382 1007 3435; x_wconf 90' lang='lat' dir='ltr'><strong>ante</strong></span> <span class='ocrx_word' id='word_1_244' title='bbox 1033 3393 1114 3434; x_wconf 85' lang='lat' dir='ltr'><strong>casas</strong></span> <span class='ocrx_word' id='word_1_245' title='bbox 1133 3373 1282 3448; x_wconf 89' lang='lat' dir='ltr'><strong>cujusdam</strong></span> 
     </span>
     <span class='ocr_line' id='line_1_33' title="bbox 125 3478 1282 3554; baseline -0.001 -17"><span class='ocrx_word' id='word_1_246' title='bbox 125 3478 273 3554; x_wconf 81' lang='lat' dir='ltr'><strong>nbiiopoloe</strong></span> <span class='ocrx_word' id='word_1_247' title='bbox 294 3481 468 3554; x_wconf 82' lang='lat' dir='ltr'><strong>ingratiam</strong></span> <span class='ocrx_word' id='word_1_248' title='bbox 488 3483 665 3553; x_wconf 88' lang='lat' dir='ltr'><strong>papistarum</strong></span> <span class='ocrx_word' id='word_1_249' title='bbox 684 3483 837 3554; x_wconf 82' lang='lat' dir='ltr'><strong>imaginem</strong></span> <span class='ocrx_word' id='word_1_250' title='bbox 860 3483 1042 3554; x_wconf 85' lang='lat' dir='ltr'><strong>imperatoris</strong></span> <span class='ocrx_word' id='word_1_251' title='bbox 1064 3482 1163 3538; x_wconf 87' lang='lat' dir='ltr'><strong>turcici</strong></span> <span class='ocrx_word' id='word_1_252' title='bbox 1184 3479 1222 3539; x_wconf 93' lang='lat' dir='ltr'><strong>ad</strong></span> <span class='ocrx_word' id='word_1_253' title='bbox 1241 3480 1282 3536; x_wconf 82' lang='lat' dir='ltr'><strong>vi-</strong></span> 
     </span>
     <span class='ocr_line' id='line_1_34' title="bbox 127 3584 1280 3659; baseline -0.003 -16"><span class='ocrx_word' id='word_1_254' title='bbox 127 3598 179 3643; x_wconf 79' lang='lat' dir='ltr'><strong>tum</strong></span> <span class='ocrx_word' id='word_1_255' title='bbox 191 3584 337 3659; x_wconf 82' lang='lat' dir='ltr'><strong>depictam</strong></span> <span class='ocrx_word' id='word_1_256' title='bbox 351 3601 411 3643; x_wconf 92' lang='lat' dir='ltr'><strong>una</strong></span> <span class='ocrx_word' id='word_1_257' title='bbox 424 3600 489 3643; x_wconf 92' lang='lat' dir='ltr'><strong>cnm</strong></span> <span class='ocrx_word' id='word_1_258' title='bbox 503 3587 603 3644; x_wconf 81' lang='lat' dir='ltr'><strong>charta</strong></span> <span class='ocrx_word' id='word_1_259' title='bbox 619 3586 752 3658; x_wconf 88' lang='lat' dir='ltr'><strong>quadam,</strong></span> <span class='ocrx_word' id='word_1_260' title='bbox 768 3587 798 3642; x_wconf 89' lang='lat' dir='ltr'><strong>in</strong></span> <span class='ocrx_word' id='word_1_261' title='bbox 814 3601 871 3656; x_wconf 84' lang='lat' dir='ltr'><strong>qua</strong></span> <span class='ocrx_word' id='word_1_262' title='bbox 886 3591 916 3643; x_wconf 92' lang='lat' dir='ltr'><strong>et</strong></span> <span class='ocrx_word' id='word_1_263' title='bbox 935 3584 1044 3658; x_wconf 79' lang='lat' dir='ltr'><strong>efligies</strong></span> <span class='ocrx_word' id='word_1_264' title='bbox 1060 3587 1159 3659; x_wconf 90' lang='lat' dir='ltr'><strong>optimi</strong></span> <span class='ocrx_word' id='word_1_265' title='bbox 1174 3584 1280 3657; x_wconf 90' lang='lat' dir='ltr'><strong>princi-</strong></span> 
     </span>
     <span class='ocr_line' id='line_1_35' title="bbox 128 3686 1281 3761; baseline -0.006 -13"><span class='ocrx_word' id='word_1_266' title='bbox 128 3686 296 3761; x_wconf 76' lang='lat' dir='ltr'><strong>islonnnts</strong></span> <span class='ocrx_word' id='word_1_267' title='bbox 316 3689 459 3749; x_wconf 87' lang='lat' dir='ltr'><strong>Friderioi</strong></span> <span class='ocrx_word' id='word_1_268' title='bbox 479 3688 559 3749; x_wconf 90' lang='lat' dir='ltr'><strong>ducis</strong></span> <span class='ocrx_word' id='word_1_269' title='bbox 580 3691 712 3749; x_wconf 84' lang='lat' dir='ltr'><strong>Saxoniae</strong></span> <span class='ocrx_word' id='word_1_270' title='bbox 732 3695 785 3748; x_wconf 89' lang='grc'><strong>111.</strong></span> <span class='ocrx_word' id='word_1_271' title='bbox 818 3691 950 3748; x_wconf 88' lang='lat' dir='ltr'><strong>electoris</strong></span> <span class='ocrx_word' id='word_1_272' title='bbox 977 3691 1116 3749; x_wconf 84' lang='lat' dir='ltr'><strong>deliniata</strong></span> <span class='ocrx_word' id='word_1_273' title='bbox 1139 3692 1215 3758; x_wconf 88' lang='lat' dir='ltr'><strong>erat,</strong></span> <span class='ocrx_word' id='word_1_274' title='bbox 1239 3687 1281 3742; x_wconf 86' lang='lat' dir='ltr'><strong>ita</strong></span> 
     </span>
     <span class='ocr_line' id='line_1_36' title="bbox 129 3792 1281 3867; baseline -0.007 -14"><span class='ocrx_word' id='word_1_275' title='bbox 129 3799 250 3867; x_wconf 79' lang='lat' dir='ltr'><strong>rorare,</strong></span> <span class='ocrx_word' id='word_1_276' title='bbox 265 3798 300 3851; x_wconf 90' lang='lat' dir='ltr'><strong>ut</strong></span> <span class='ocrx_word' id='word_1_277' title='bbox 313 3800 437 3866; x_wconf 86' lang='lat' dir='ltr'><strong>uterquc</strong></span> <span class='ocrx_word' id='word_1_278' title='bbox 452 3793 587 3866; x_wconf 88' lang='lat' dir='ltr'><strong>alterum,</strong></span> <span class='ocrx_word' id='word_1_279' title='bbox 613 3798 645 3851; x_wconf 90' lang='lat' dir='ltr'><strong>ut</strong></span> <span class='ocrx_word' id='word_1_280' title='bbox 659 3795 700 3852; x_wconf 87' lang='lat' dir='ltr'><strong>ita</strong></span> <span class='ocrx_word' id='word_1_281' title='bbox 715 3795 826 3867; x_wconf 85' lang='lat' dir='ltr'><strong>loquar,</strong></span> <span class='ocrx_word' id='word_1_282' title='bbox 843 3795 1011 3853; x_wconf 88' lang='lat' dir='ltr'><strong>intueretur.</strong></span> <span class='ocrx_word' id='word_1_283' title='bbox 1049 3792 1171 3851; x_wconf 79' lang='lat' dir='ltr'><strong>Volebat</strong></span> <span class='ocrx_word' id='word_1_284' title='bbox 1185 3794 1281 3848; x_wconf 87' lang='lat' dir='ltr'><strong>autem</strong></span> 
     </span>
     <span class='ocr_line' id='line_1_37' title="bbox 130 3894 1280 3971; baseline -0.004 -16"><span class='ocrx_word' id='word_1_285' title='bbox 130 3894 266 3970; x_wconf 86' lang='lat' dir='ltr'><strong>ibliopola</strong></span> <span class='ocrx_word' id='word_1_286' title='bbox 279 3897 336 3957; x_wconf 85' lang='lat' dir='ltr'><strong>hac</strong></span> <span class='ocrx_word' id='word_1_287' title='bbox 349 3897 462 3970; x_wconf 88' lang='lat' dir='ltr'><strong>pictura</strong></span> <span class='ocrx_word' id='word_1_288' title='bbox 477 3896 637 3971; x_wconf 88' lang='lat' dir='ltr'><strong>ostendere,</strong></span> <span class='ocrx_word' id='word_1_289' title='bbox 653 3899 705 3956; x_wconf 89' lang='lat' dir='ltr'><strong>hos</strong></span> <span class='ocrx_word' id='word_1_290' title='bbox 719 3897 790 3956; x_wconf 88' lang='lat' dir='ltr'><strong>duos</strong></span> <span class='ocrx_word' id='word_1_291' title='bbox 807 3904 836 3956; x_wconf 91' lang='lat' dir='ltr'><strong>et</strong></span> <span class='ocrx_word' id='word_1_292' title='bbox 849 3899 975 3970; x_wconf 79' lang='lat' dir='ltr'><strong>eJusdem</strong></span> <span class='ocrx_word' id='word_1_293' title='bbox 990 3913 1063 3955; x_wconf 82' lang='lat' dir='ltr'><strong>cerae</strong></span> <span class='ocrx_word' id='word_1_294' title='bbox 1073 3894 1201 3953; x_wconf 89' lang='lat' dir='ltr'><strong>homines</strong></span> <span class='ocrx_word' id='word_1_295' title='bbox 1217 3909 1280 3951; x_wconf 89' lang='lat' dir='ltr'><strong>esse</strong></span> 
     </span>
     <span class='ocr_line' id='line_1_38' title="bbox 131 3998 1280 4074; baseline -0.002 -17"><span class='ocrx_word' id='word_1_296' title='bbox 131 4001 319 4061; x_wconf 79' lang='lat' dir='ltr'><strong>tcbriatiauae</strong></span> <span class='ocrx_word' id='word_1_297' title='bbox 340 4001 506 4074; x_wconf 86' lang='lat' dir='ltr'><strong>reipublicae</strong></span> <span class='ocrx_word' id='word_1_298' title='bbox 529 4003 722 4062; x_wconf 88' lang='lat' dir='ltr'><strong>atrocissimos</strong></span> <span class='ocrx_word' id='word_1_299' title='bbox 742 4001 849 4061; x_wconf 83' lang='lat' dir='ltr'><strong>hostes.</strong></span> <span class='ocrx_word' id='word_1_300' title='bbox 881 4004 986 4060; x_wconf 79' lang='lat' dir='ltr'><strong>Veram</strong></span> <span class='ocrx_word' id='word_1_301' title='bbox 1001 4017 1037 4058; x_wconf 93' lang='lat' dir='ltr'><strong>ne</strong></span> <span class='ocrx_word' id='word_1_302' title='bbox 1051 4004 1190 4071; x_wconf 86' lang='lat' dir='ltr'><strong>perpetuo</strong></span> <span class='ocrx_word' id='word_1_303' title='bbox 1205 3998 1280 4070; x_wconf 92' lang='lat' dir='ltr'><strong>opti·</strong></span> 
     </span>
     <span class='ocr_line' id='line_1_39' title="bbox 132 4104 1167 4183; baseline -0.003 -20"><span class='ocrx_word' id='word_1_304' title='bbox 132 4118 171 4163; x_wconf 82' lang='lat' dir='ltr'><strong>ms</strong></span> <span class='ocrx_word' id='word_1_305' title='bbox 183 4107 319 4183; x_wconf 87' lang='lat' dir='ltr'><strong>princeps</strong></span> <span class='ocrx_word' id='word_1_306' title='bbox 333 4105 525 4183; x_wconf 79' lang='lat' dir='ltr'><strong>derideretur,</strong></span> <span class='ocrx_word' id='word_1_307' title='bbox 543 4124 595 4181; x_wconf 85' lang='lat' dir='ltr'><strong>pro</strong></span> <span class='ocrx_word' id='word_1_308' title='bbox 611 4124 661 4167; x_wconf 85' lang='lat' dir='ltr'><strong>sex</strong></span> <span class='ocrx_word' id='word_1_309' title='bbox 676 4108 767 4167; x_wconf 78' lang='lat' dir='ltr'><strong>botris</strong></span> <span class='ocrx_word' id='word_1_310' title='bbox 783 4113 933 4179; x_wconf 82' lang='lat' dir='ltr'><strong>utramque</strong></span> <span class='ocrx_word' id='word_1_311' title='bbox 949 4106 1088 4179; x_wconf 84' lang='lat' dir='ltr'><strong>picturam</strong></span> <span class='ocrx_word' id='word_1_312' title='bbox 1104 4104 1167 4163; x_wconf 79' lang='lat' dir='ltr'><strong>erni.</strong></span> 
     </span>
    </p>
   </div>
   <div class='ocr_carea' id='block_1_3' title="bbox 0 0 1347 4546">
    <p class='ocr_par' dir='ltr' id='par_1_11' title="bbox 0 0 1347 4546">
     <span class='ocr_line' id='line_1_40' title="bbox 0 0 1347 4546; baseline 0 0"><span class='ocrx_word' id='word_1_313' title='bbox 0 0 1347 4546; x_wconf 95' lang='lat' dir='ltr'><strong> </strong></span> 
     </span>
    </p>
   </div>
  </div>
 </body>
</html>
