2678 4546
682 39 750 95 w

128 217 158 271 et
171 211 252 286 impii
268 226 287 270 a
302 209 405 270 divinis
420 209 536 269 statutis
550 207 660 280 absint,
677 206 731 266 sibi
746 206 817 280 ipsis
831 205 891 266 suis
905 203 1107 267 traditionibus
1122 204 1304 281 applauden-

128 322 182 389 tes,
213 322 428 390 persecutorum
450 320 546 398 autem
564 314 703 373 malitiam
726 310 809 372 uobis
824 327 924 371 ansam
938 316 969 371 et
983 311 1184 371 necessitatem
1199 311 1307 373 orandi

128 421 266 494 praebere.
291 423 363 481 item
378 419 454 494 quod
469 420 539 480 deus
554 418 685 480 omuibus
700 434 765 477 eum
779 416 978 476 invocantibus
998 431 1090 490 prope
1105 416 1158 489 sit,
1181 419 1213 474 et
1227 412 1306 489 quad

129 531 273 599 precepta
288 525 335 584 dei
349 525 420 584 nihil
434 526 492 584 sint
507 540 594 597 quam
607 525 671 596 ipsa
685 523 802 595 veritas,
819 520 895 580 bona
910 536 1024 596 quoqne
1034 519 1097 579 haec
1110 535 1179 594 spes
1194 520 1225 578 iu
1240 521 1306 581 sinu

130 633 255 691 omnium
270 630 377 689 Christi
392 628 518 690 fidelium
532 629 661 703 reposita
675 629 728 700 sit,
746 627 824 703 quod
844 626 974 687 dominus
989 643 1043 687 sua
1056 626 1086 685 in
1108 630 1220 685 aterno
1242 622 1307 685 fun·

130 738 250 798 daverit.

217 842 329 901 Eodem
343 852 379 902 ax
393 839 510 913 familia,
527 856 612 915 quam
626 832 807 899 Rudelstadii
821 836 996 898 habebamus
1017 835 1166 896 collectam
1182 836 1305 899 corrud-

129 964 192 1006 mus
207 964 281 1006 uxor
297 953 326 1006 et
340 962 394 1020 ego
410 952 571 1006 ceterorum
589 945 695 1018 inopia
715 943 930 1017 subvenientes,
952 959 1009 1018 quo
1031 947 1129 1002 essent
1142 941 1229 1002 initia
1242 940 1303 1002 the·

129 1054 208 1112 sauri
223 1053 274 1126 qui
289 1051 506 1126 congregandus
522 1057 587 1111 erat
599 1052 631 1109 in
646 1065 728 1108 usum
743 1065 912 1122 pauperum.

217 1156 245 1214 A
259 1155 381 1231 prandio
398 1154 427 1214 d.
442 1155 557 1230 Aquila,
574 1155 665 1228 petita
679 1171 698 1214 a
713 1154 829 1214 domina
842 1170 926 1214 socru
945 1146 976 1214 et
996 1153 1079 1213 nobis
1094 1155 1182 1215 venia
1198 1152 1301 1215 Salvsl·

130 1259 207 1321 diam
221 1276 356 1319 reversus
371 1263 423 1319 est.
1323 1252 1329 1353 ζ

220 1365 307 1436 Nota,
330 1365 460 1438 proximo
482 1363 558 1423 bello
581 1361 738 1438 Caspasum
757 1365 893 1436 Aquilam
916 1364 947 1423 in
967 1379 1063 1423 arcem
1085 1364 1299 1439 Schwartahm
1319 1354 1328 1369 ‘'

132 1470 275 1544 avolasse,
300 1467 377 1543 quod
398 1483 429 1527 se
449 1485 567 1543 parvam
586 1469 712 1543 aquilam
736 1470 824 1529 verbo
845 1469 953 1529 domiui
972 1485 1092 1544 magnas
1114 1471 1180 1530 illas
1195 1434 1329 1546 aquilas·¹

132 1591 268 1650 superare
283 1580 313 1634 et
327 1575 441 1634 vincere
456 1590 540 1646 posse
555 1575 724 1649 scripsisset.
764 1575 955 1652 Quamobrem
974 1572 1145 1650 per'omnes
1161 1580 1191 1635 et
1205 1575 1295 1637 domas
1320 1648 1329 1693 1

133 1685 163 1740 et
174 1680 302 1740 latebras
317 1680 391 1738 etin
406 1680 475 1753 ipsis
490 1681 613 1740 turrium
627 1680 787 1754 pinnaculis
803 1681 939 1752 quesitus
955 1686 999 1740 est
1013 1680 1051 1740 ab
1064 1680 1159 1740 Iberis
1174 1680 1245 1762 istis
1319 1736 1322 1741 .

223 1783 385 1843 Collocutus
407 1789 451 1844 est
473 1783 623 1844 nobiscum
644 1784 720 1844 idem
743 1784 849 1859 Aquila
870 1785 906 1845 de
928 1785 1036 1859 libello,
1060 1801 1147 1859 quem
1167 1784 1205 1844 de
1225 1790 1295 1845 utro·
1319 1760 1329 1787 “

134 1904 190 1964 que
212 1889 258 1949 vel
281 1889 387 1963 duplici
409 1891 513 1951 timore
536 1889 596 1966 dei,
628 1890 665 1950 de
687 1889 783 1950 filiolis
805 1896 835 1950 et
857 1892 955 1950 servili
975 1890 1109 1952 hahendo
1131 1906 1193 1963 pra
1215 1888 1295 1949 rmnl-
1320 1880 1329 1900 ³

136 1993 190 2054 bus
204 1995 300 2055 habet.
1318 1972 1329 1983 ⁵

221 2099 333 2160 Eadem
348 2097 460 2159 Gallum
474 2100 633 2160 Barrenter
648 2106 678 2159 et
691 2100 832 2161 loannem
848 2099 1015 2161 Galacteum
1029 2098 1219 2174 premisimus
1232 2099 1295 2159 Aru·
1316 2092 1329 2105 '

133 2203 257 2265 stadium
271 2204 310 2265 ad
323 2203 512 2276 recupiendas
527 2206 663 2279 pecunias
679 2212 733 2266 etc.

222 2309 300 2370 Nota
315 2309 350 2369 de
365 2311 567 2369 controversiis
582 2310 658 2370 inter
671 2311 804 2383 Aquilam
819 2316 850 2370 et
863 2317 1013 2370 venatores
1028 2311 1156 2371 ducales.

222 2414 347 2475 Domina
370 2430 468 2474 socrus
491 2421 637 2475 matronas
656 2416 836 2477 honestiores
856 2416 935 2476 urbis
957 2414 1141 2476 Rudelstadii
1162 2415 1295 2475 inuam

133 2518 171 2579 ad
186 2536 298 2579 coenam
314 2521 436 2581 vocavit.

222 2626 250 2684 A
270 2642 353 2685 coena
373 2625 485 2684 choreae
508 2630 538 2684 et
556 2627 681 2700 repotia,
712 2632 778 2700 post
796 2628 908 2700 repotia
930 2640 1044 2685 rausum
1063 2624 1178 2684 chorea
1201 2622 1295 2683 habits

135 2736 216 2802 suut3
233 2733 328 2790 omnia
338 2747 402 2789 cum
412 2747 446 2788 eo
462 2729 574 2806 decore,
591 2737 623 2790 nt
636 2732 771 2790 honestas
785 2735 932 2791 matronas
948 2737 977 2790 et
990 2731 1117 2804 virgines
1134 2731 1226 2802 decet,
1240 2742 1297 2803 per·

135 2840 201 2893 acta
219 2842 294 2894 sunt.
346 2834 509 2896 Adfuerunt
528 2842 557 2895 et
576 2835 713 2897 Alhertus
727 2836 823 2897 Draco
843 2842 873 2896 et
887 2835 1061 2897 Laurentius
1082 2841 1112 2895 et
1133 2831 1296 2895 Leonardus

136 2938 272 2998 Telouius
290 2945 320 2999 et
334 2941 393 3000 alii.
1097 2995 1100 3003 .
1234 2998 1238 3005 .

224 3045 292 3118 xviij
307 3045 378 3104 Julii
394 3046 521 3107 loannes
536 3045 699 3105 Osmnndus
719 3046 861 3104 thalerum
882 3045 937 3105 sibi
957 3044 1022 3104 dari
1045 3046 1143 3120 petiit,
1164 3051 1196 3106 et
1209 3044 1298 3105 stube-

136 3148 209 3208 lario
223 3166 322 3208 socrus
337 3166 457 3209 aureum
472 3166 586 3224 quoque
600 3166 745 3209 nummum
761 3150 900 3208 dedimm.

225 3253 334 3313 Eadem
349 3255 514 3327 compositis
528 3255 648 3314 sarcinis
664 3253 718 3314 deo
733 3256 849 3328 auspice
864 3257 920 3313 iter
934 3250 1112 3314 Rhambdam
1128 3270 1240 3329 versus,
1253 3252 1300 3313 ibi·

137 3356 201 3415 dem
216 3359 349 3430 pransuri
369 3365 456 3431 atque
470 3358 620 3418 Arustadii
634 3361 845 3433 pernoctatum,
865 3359 994 3434 arripere
1009 3360 1172 3419 statuimus.
1211 3359 1301 3419 Primo

137 3466 232 3522 autem
247 3462 323 3521 aedes
338 3463 450 3522 Alberti
464 3469 594 3536 petentes
610 3481 673 3522 cnm
688 3480 723 3524 eo
738 3465 774 3523 de
789 3465 875 3524 rebus
890 3465 972 3523 seriis
987 3464 1175 3539 contulimus,
1192 3464 1243 3539 qui
1256 3476 1303 3521 uos

136 3568 167 3625 in
181 3563 276 3626 arcem
291 3570 494 3629 concomitatur
505 3571 683 3643 jentaculum
697 3571 844 3630 uobiscum
860 3570 987 3643 sumpsit.
1025 3567 1054 3627 A
1065 3569 1219 3641 jentaculo
1232 3566 1302 3627 idam

136 3671 272 3733 Albertus
286 3679 318 3732 ut
333 3690 502 3748 prosperum
516 3675 616 3735 iteret
629 3681 725 3736 cetera
739 3673 834 3734 felicia
848 3673 930 3734 nobis
950 3675 1100 3734 evenirent
1122 3691 1141 3734 a
1156 3674 1214 3735 deo
1227 3678 1303 3749 putre

137 3793 189 3851 per
205 3777 348 3837 Christum
362 3786 496 3855 precatus
512 3785 564 3853 est,
581 3779 749 3849 seinvicem
764 3780 846 3840 uobis
862 3779 1059 3839 valediximus.

224 3882 337 3943 Deinde
358 3883 449 3943 Aunae
469 3885 570 3944 Maria
593 3889 622 3944 et
636 3883 784 3946 Friderico
800 3886 836 3945 de
850 3887 928 3945 Hoia
942 3901 1005 3944 cum
1024 3886 1084 3944 suis
1100 3884 1221 3947 familiis
1235 3883 1303 3945 vule-

138 3987 265 4048 dicentes
280 4007 370 4063 equos
384 3990 607 4049 conscendimus.
661 3989 789 4051 Deduxit
807 3997 904 4052 autem
923 4007 975 4051 nos
997 3989 1116 4052 domina
1129 4007 1233 4053 socrus
1246 4004 1302 4049 cuu

135 4088 247 4153 duabus
261 4092 377 4158 filiabus
393 4100 423 4158 et
437 4096 568 4172 nymphis
583 4096 651 4157 suis.
