2678 4546
149 247 398 322 lemmata
418 247 871 310 acmtnsRudelstadiiiuurbo
890 250 1022 310 iudomo
1044 252 1235 311 suammet

57 353 174 412 morem
188 352 283 411 ducta
296 358 365 412 aaut
377 359 409 412 ct
420 354 535 427 repotia
548 355 655 414 habita.

148 436 272 517 Domine
285 458 375 531 deas,
396 461 478 533 orius
491 460 640 519 brachium
661 476 699 519 ne
718 461 777 533 pilo
791 462 908 534 quidem
925 463 957 520 in
969 462 1101 521 omnibus
1114 462 1231 520 mirabi-

58 563 435 638 libustuisasempitsrnis
448 565 553 624 seculis
568 565 802 640 diminutumest„
818 582 925 641 exurge
939 572 970 626 et
983 582 1070 626 exera
1084 565 1232 626 Mum

58 668 357 743 muniminum,
379 672 734 744 etquipotuistiservum
752 680 833 731 tuum
849 672 998 732 Danielem
1020 674 1051 731 iu
1070 671 1232 745 speculcc-
1268 733 1273 740 ,

59 790 143 847 ιιιιιιι,
166 776 225 834 imo
238 776 338 834 Josnm
353 775 497 835 Christum
516 775 607 836 filium
626 785 706 836 tuum
727 778 864 838 dilectum
884 781 915 837 in
929 779 1025 837 medio
1044 778 1162 836 malitia
1175 777 1233 838 Ac·

58 883 142 952 gypti
155 895 287 940 servare:
308 881 462 941 recordare
473 884 558 956 iuxta
578 884 737 943 bonitatem
751 891 830 943 tuam
845 900 978 958 magnam
991 883 1114 944 Joannis
1128 882 1231 942 ibide-

57 985 112 1042 rici
126 987 203 1044 servi
215 987 269 1058 tui,
278 992 312 1046 ut
325 987 482 1061 aliquando
492 989 578 1061 iuxta
587 989 765 1049 uoluntatem
777 996 856 1049 tuam
864 996 895 1049 te
909 1005 972 1048 cum
988 990 1087 1049 electis
1101 989 1232 1048 omuibus

57 1089 178 1150 undare
192 1099 222 1150 et
239 1098 270 1150 te
284 1100 513 1154 conservatorem
533 1111 615 1153 suum
634 1093 765 1153 confiteri
784 1097 884 1168 possit.
922 1094 956 1154 ld
974 1101 1005 1154 te
1023 1109 1159 1166 rogamus
1178 1107 1232 1167 per

57 1195 158 1255 iesum
172 1195 318 1256 Obrismm
329 1196 420 1257 tilium
434 1205 529 1274 ouum,
553 1202 604 1273 qui
616 1207 711 1260 tasum
724 1200 796 1260 vivit
809 1207 839 1260 et
852 1207 955 1274 regnat
969 1202 999 1259 in
1018 1199 1130 1259 onitate
1144 1199 1230 1273 spiri·

58 1307 103 1358 tua
118 1301 192 1360 deus
206 1303 238 1360 in
251 1306 453 1379 sempiternum
467 1305 639 1364 laudandus
663 1308 763 1365 Amen

145 1408 204 1481 xvij
219 1408 290 1467 Julii
306 1410 423 1471 circiter
441 1417 574 1483 quamam
594 1411 849 1470 antemeridianam
868 1412 948 1469 veuit
962 1408 1108 1485 Cosparus
1122 1408 1230 1471 Comau

58 1513 161 1570 ostium
175 1512 298 1572 cubiculi
313 1516 405 1573 nostri
417 1517 546 1590 pulsans,
562 1517 673 1575 litteras
689 1514 831 1589 deferens,
849 1532 921 1590 quas
936 1515 1142 1576 Rurckbardus
1155 1530 1230 1575 nu·

57 1619 112 1676 tius
129 1624 231 1678 noster
243 1627 312 1678 ante
326 1621 525 1696 crepusculum
544 1621 603 1680 diei
616 1621 785 1694 adportarat
800 1638 817 1681 c
830 1624 967 1681 comitatu
985 1627 1086 1679 nostro
1100 1620 1139 1680 ab
1152 1619 1228 1681 ilor-

57 1741 162 1784 manuo
183 1725 280 1784 Nellio
304 1727 434 1800 scriptas.
472 1727 588 1786 Alteras
607 1728 675 1785 item
695 1743 714 1786 a
733 1727 891 1787 Melcbiore
910 1725 1018 1786 Lindie
1040 1741 1077 1784 ex
1097 1726 1229 1800 Augmta

59 1830 242 1904 conscriptas.
264 1831 421 1904 Exemplar
435 1848 549 1904 quoque
563 1832 724 1892 litterarum
739 1834 934 1893 absolutionis.

143 1935 256 1995 Eadem
270 1935 298 1994 d
315 1936 473 2010 Casparum
486 1939 621 2010 Aquilam
637 1939 803 1999 donavimus
817 1940 925 2012 scripto
939 1936 1065 2010 Philippi
1079 1933 1227 1993 Melanch·

58 2042 151 2102 monis
165 2059 252 2115 super
267 2045 390 2103 interim.

142 2149 301 2207 Tricesima
315 2149 395 2208 Juuii
410 2150 532 2208 comitiis
553 2151 722 2224 augustanis
743 2154 889 2223 postrema
906 2164 1007 2208 manus
1028 2147 1163 2220 imposita
1184 2151 1229 2205 ost

58 2257 83 2310 et
96 2256 210 2312 senatui
226 2256 357 2313 consulta
369 2256 486 2313 caesaris
501 2260 531 2313 et
545 2260 671 2314 statuum
686 2255 797 2329 imperii
819 2255 933 2329 publico
947 2253 1092 2327 praelecta.
1130 2251 1229 2324 Augo-

58 2362 105 2415 stae
124 2359 277 2431 usquead
298 2357 328 2416 id
349 2360 486 2432 temporis
508 2359 579 2417 nihil
603 2362 649 2419 vel
670 2360 700 2418 in
721 2360 860 2434 religione
884 2361 929 2418 vel
950 2359 981 2418 in
1004 2357 1182 2417 ceremoniis
1196 2357 1227 2414 in

57 2462 161 2535 templo
172 2462 304 2522 Mauritii
323 2466 501 2523 immutatum
516 2471 568 2523 est.
606 2463 767 2524 Laudanda
788 2470 834 2524 est
852 2464 959 2524 ibidem
972 2464 1093 2524 ioannis
1107 2460 1226 2521 Henrici

58 2567 227 2628 ecclesiastis
242 2569 411 2628 constantia.

139 2674 251 2734 Eadem
271 2674 299 2734 d.
322 2657 460 2734 ilbertus
477 2675 574 2734 Draco
596 2673 734 2732 decimam
757 2678 886 2731 somnam
908 2677 1019 2745 partem
1041 2670 1143 2745 psabni
1162 2672 1222 2729 119

58 2781 187 2854 exposuit
200 2778 312 2853 dimus,
336 2796 400 2841 eam
415 2797 478 2840 esse
492 2779 613 2839 formam
628 2776 732 2836 orandi
747 2782 777 2837 et
791 2776 937 2849 exemplar
957 2791 1025 2835 vere
1044 2776 1085 2851 pii
1100 2775 1169 2850 viri,
1192 2779 1227 2834 ut

56 2900 144 2959 nuper
156 2885 238 2959 loqui
251 2886 386 2960 coeperit,
408 2891 438 2945 et
451 2892 594 2958 praterea
607 2885 663 2944 bac
676 2883 797 2945 octoade
812 2884 912 2958 videri,
929 2884 1070 2955 quomodo
1086 2883 1180 2942 oratio
1196 2886 1226 2941 et

10 2998 16 3077 ζ,
55 2990 109 3049 vita
123 2996 202 3050 esset
215 2991 402 3064 instituenda,
426 2992 493 3050 dum
509 2993 591 3064 quasi
606 2991 737 3062 suspensi
751 3005 803 3062 spe
817 2990 893 3048 inter
907 2988 1006 3048 mundi
1021 2994 1080 3048 tam
1095 2979 1225 3046 miserias

10 3090 17 3155 ζ’
56 3110 137 3168 quam
151 3096 303 3156 illecebras
318 3103 347 3156 et
361 3097 448 3155 vitam
461 3097 541 3155 illam
555 3095 668 3155 beatam
684 3110 843 3155 vermmur.
881 3094 989 3153 Divisit
1002 3098 1033 3152 st
1047 3092 1225 3153 octonarium

35 3224 38 3231 ·
55 3197 126 3259 bunc
135 3201 271 3261 invenias
284 3218 447 3274 paraeneses
462 3208 491 3260 et
506 3201 660 3273 doctrinas,
679 3201 721 3259 ita
735 3204 768 3258 ut
782 3216 818 3258 nc
833 3200 971 3273 syllabam
986 3199 1120 3271 aliquam,
1136 3201 1169 3254 ut
1182 3196 1226 3254 ita

55 3303 151 3380 dcam,
169 3307 273 3366 horum
287 3309 440 3368 verborum
454 3308 633 3367 inexcussam
648 3305 831 3378 relinqueret.
869 3305 965 3363 Primo
980 3310 1075 3363 autem
1091 3304 1145 3362 ait:
1169 3300 1225 3359 Hic

55 3387 199 3472 ecclesiam
213 3411 260 3470 vel
273 3413 441 3485 prophetam
457 3414 571 3472 nominc
594 3411 722 3468 ecclesia
742 3426 779 3468 cx
800 3409 900 3469 intimo
923 3408 1009 3469 corde
1024 3424 1108 3468 orare
1123 3413 1153 3467 et
1166 3407 1224 3466 cla·

55 3530 137 3591 mare,
154 3523 187 3576 ut
200 3517 243 3576 illi
257 3522 403 3592 praecepta
418 3517 463 3576 dei
478 3533 595 3576 seruarc
610 3515 742 3589 donetur,
759 3531 826 3574 nam
836 3516 941 3573 nostris
954 3514 1062 3574 viribus
1078 3503 1150 3572 nibil
1163 3509 1225 3571 cffi-

56 3621 132 3681 citur.
171 3622 214 3680 Et
228 3623 290 3681 haec
304 3621 366 3681 fere
386 3623 417 3681 in
432 3622 525 3696 primo
545 3626 575 3680 et
595 3621 721 3680 secundo
735 3637 830 3680 versu.
869 3620 950 3679 Dixit
964 3636 1078 3693 quoque
1093 3598 1163 3691 ouid
1177 3616 1225 3674 bic

55 3727 96 3785 uel
109 3732 224 3803 tempus
244 3728 405 3802 crepusculi
424 3729 470 3787 vel
485 3728 655 3787 matutinum
670 3725 854 3801 significaret,
880 3731 910 3785 et
925 3724 994 3798 quid
1009 3726 1047 3783 sit
1061 3734 1181 3796 sperare
1194 3721 1225 3778 in

29 3833 137 3892 'aerbo
160 3833 277 3893 domini.
319 3833 393 3891 Item
412 3849 498 3905 quam
519 3832 557 3890 sit
575 3847 622 3890 res
642 3829 719 3906 frugi
743 3831 885 3890 matutina
907 3833 936 3888 et
954 3829 1056 3902 Jejuno
1077 3824 1179 3897 oratio,
1195 3826 1225 3882 et

57 3937 125 4008 qood
141 3938 248 3998 ebriosi
269 3938 364 3998 haben
383 3938 452 3996 kein
467 3937 591 3995 andacht
605 3935 731 3995 sondern
745 3933 899 3994 ohnmacht
913 3939 966 3992 etc.
996 3933 1068 3990 Item
1083 3925 1224 4002 quomodo

28 4062 31 4067 ·
57 4041 99 4112 pio
112 4057 193 4101 mens
209 4042 246 4102 dc
262 4059 293 4102 se
308 4059 344 4100 ex
359 4041 562 4101 suisomuibus
579 4042 750 4114 desperans,
773 4040 864 4098 solam
878 4037 926 4096 dei
939 4032 1164 4094 misericordiam
1178 4046 1225 4091 ro·
1286 4020 1291 4030 ’

57 4148 151 4220 spicat
164 4155 198 4210 ct
211 4149 259 4209 dei
271 4149 388 4223 justicia
401 4146 559 4208 refocillari
574 4146 680 4220 cupiat.
716 4146 790 4204 ltom
810 4145 918 4216 quanto
940 4137 1239 4213 tumidissimum
