2678 4546
600 64 672 131 2⁰8

56 248 193 322 magister
207 262 274 306 cum
287 248 386 322 pneris
399 246 539 322 psalmum
554 246 715 320 germanice
729 260 843 305 uersum
857 249 990 306 runaut.
1026 247 1160 308 Minister
1172 265 1223 323 pa·

56 368 114 410 cam
132 353 244 426 populo
267 357 402 427 precatus
421 354 552 412 oratione
573 354 701 426 perlecta
723 359 822 411 nostro
846 352 985 411 catalecto
1007 354 1113 427 populo
1134 356 1224 414 Amen

56 458 257 531 respondente,
273 475 387 516 rursum
400 460 528 516 minister
537 458 762 517 »Benedicamus
778 457 913 516 domino«
932 458 1034 517 cecinit
1049 467 1079 517 et
1094 477 1157 518 cum
1174 461 1222 519 be·

56 562 216 622 nedictione
235 563 374 637 populum
388 564 591 635 ecclesiamque
611 564 725 621 dimisit.
770 563 809 620 Et
824 562 854 619 hi
869 570 936 622 sunt
951 565 1024 621 ritus
1040 566 1225 625 ecclesiastici

58 666 131 742 apud
145 666 286 727 Werdam
300 667 435 728 Danubii.

141 773 219 832 Dum
234 773 440 847 pranderemus
451 780 592 832 uenerunt
606 776 699 833 scriba
714 772 830 847 quidam
845 773 948 831 ducum
960 772 1225 848 Luneburgeuaium

59 885 85 938 et
98 894 200 937 servus
215 877 329 938 Nicolai
343 879 379 937 de
394 878 540 951 Rotdorff,
564 881 611 951 qui
634 879 775 937 cardinali
794 880 965 951 Augustano
984 879 1085 952 vigint-i
1099 879 1225 941 caballus

59 983 225 1043 adduxerat.
263 983 338 1043 Num
360 986 493 1044 carnibus
515 986 625 1057 equinis
647 986 733 1043 etium
755 989 978 1057 purpuratorum
998 982 1073 1041 rubii
1094 984 1226 1044 draconis

60 1091 149 1163 gratia
163 1088 286 1148 emenda
300 1096 354 1148 est.
391 1088 470 1148 Idem
491 1107 604 1163 quoque
625 1104 725 1147 rursus
748 1089 910 1162 episcopum
927 1088 1111 1147 Bremensem
1126 1090 1224 1164 Augu·

60 1200 126 1255 amm
140 1193 302 1268 proiectum
316 1194 406 1268 dixit,
431 1197 609 1254 annuncians
628 1210 740 1268 quoque
761 1200 882 1251 mortem
902 1194 1004 1253 nobilis
1026 1202 1054 1252 et
1070 1196 1225 1268 praediuitis

60 1299 150 1359 multis
166 1298 251 1358 donis
265 1301 398 1372 preclari
417 1301 472 1358 viri
488 1301 611 1359 Simonis
633 1299 669 1358 de
685 1300 793 1358 Wendt
808 1301 837 1357 in
853 1300 1003 1358 l'oruholt.
1043 1300 1128 1359 Faxit
1142 1300 1224 1359 Chri-

62 1410 117 1464 stus
130 1403 259 1464 utillum
281 1420 344 1463 cum
358 1405 488 1464 omnibus
510 1404 615 1462 sanctis
631 1406 661 1462 in
676 1405 725 1463 illa
741 1405 786 1462 die
803 1404 902 1464 ridere
917 1370 1072 1463 valeamus.
1111 1406 1155 1464 Sit
1168 1420 1225 1478 pax

63 1510 130 1571 uris
145 1516 177 1570 et
190 1512 305 1584 requies
316 1509 470 1587 defunctis,
486 1513 517 1568 iu
531 1511 637 1585 populo
652 1511 775 1568 maxime
790 1509 903 1568 Christe
918 1516 976 1568 tuo.

143 1616 259 1690 Hospes
272 1616 380 1676 loanni
392 1613 543 1675 Friderico
566 1616 684 1674 electori
707 1632 821 1673 currum
843 1632 925 1673 sunm
945 1622 1074 1674 mutuum
1094 1615 1175 1675 dedit
1188 1616 1226 1675 ad

64 1721 255 1782 aduniendam
273 1722 439 1782 cerevisiam
461 1738 477 1779 e
497 1720 686 1793 Schwabach,
716 1736 774 1794 qua
797 1726 857 1778 tum
882 1721 988 1779 elector
1007 1721 1070 1781 loco
1095 1721 1226 1796 Turgicae

65 1827 202 1889 uetant.
293 1851 296 1855 ·

143 1932 260 2007 Hospes
272 1948 332 1997 ,nos
352 1931 471 1991 donavit
485 1933 614 1992 oratione
630 1932 774 2005 electoris,
800 1947 836 1990 ea
856 1947 912 2003 qua
932 1929 1016 1989 facile
1037 1932 1225 1991 constantiam

65 2039 119 2110 ujus
132 2037 228 2097 metiri
245 2042 299 2096 est.
322 2037 469 2096 Memento
484 2039 555 2111 ejus,
571 2055 589 2097 o
604 2037 728 2110 domine,
745 2035 900 2095 secuudum
917 2037 1073 2095 bonitatem
1088 2041 1176 2097 tuam.

143 2144 255 2204 Rumor
276 2140 433 2216 ferebatur,
450 2143 642 2202 marchionem
657 2142 808 2201 Albertmu
831 2146 945 2213 raptum
967 2158 1038 2214 csse,
1063 2143 1114 2201 sed
1137 2160 1226 2202 uanus

67 2247 107 2306 lic
120 2254 193 2308 erat

143 2352 205 2415 Sub
219 2351 398 2413 undecimam
419 2369 472 2428 per
491 2353 579 2412 alium
595 2355 780 2413 ecclesiasten
804 2352 902 2413 habita
919 2360 962 2412 cst
978 2371 1060 2413 saera
1076 2356 1175 2415 concio
1190 2356 1226 2415 de

66 2460 185 2532 symbolo
200 2457 268 2518 fidei
283 2464 400 2533 nosmae,
416 2458 558 2519 hominem
574 2459 688 2533 quidem
702 2476 760 2518 non
775 2458 931 2532 indoctum,
949 2462 998 2532 qui
1014 2462 1055 2518 ita
1069 2461 1225 2535 autoritate

66 2566 181 2639 quadam
202 2570 233 2625 et
251 2563 410 2623 christiana
431 2566 551 2625 scientia
573 2567 666 2639 capita
685 2564 753 2624 fidei
770 2569 876 2623 nostra
892 2564 1067 2636 perstrinxit,
1090 2570 1123 2621 ut
1136 2564 1227 2624 miror

66 2670 152 2745 aiipsi
165 2671 256 2731 alium
276 2672 308 2729 in
330 2669 386 2731 hac
405 2686 438 2729 re
459 2668 514 2728 sibi
535 2686 633 2744 parem
647 2671 766 2743 habeat,
789 2668 856 2726 dum
871 2669 932 2739 ejus
947 2670 1118 2742 compositos
1132 2685 1227 2729 mores

68 2776 297 2850 udoqueutiam
317 2776 524 2849 scripturarum
545 2777 672 2834 scientiae
690 2777 819 2848 iunctam
834 2773 1009 2832 consideres.
1047 2775 1228 2834 Potissimum

67 2887 155 2942 summ
169 2880 287 2941 tertiam
301 2886 412 2954 partem
436 2879 504 2939 fidei
530 2881 644 2940 »Credo
659 2883 689 2938 in
705 2880 835 2952 spiritum
850 2884 998 2936 sunctum«
1021 2895 1083 2937 cum
1105 2884 1229 2953 quatuor

68 2984 277 3047 adherentibus
291 2986 419 3046 articulis
435 2987 600 3046 declaravit.
623 2988 690 3045 Vita
705 2992 822 3058 aterna,
839 2986 938 3058 inquit,
956 2985 1062 3059 duplex
1078 2993 1130 3060 est,
1145 2988 1228 3046 bonis

65 3106 112 3152 aaa
126 3086 157 3152 et
170 3092 254 3151 malis
268 3108 322 3152 sna
335 3097 390 3151 etc.

147 3197 260 3257 Eadem
274 3197 388 3256 circiter
403 3212 507 3256 nouam
522 3198 622 3256 lucram
638 3197 862 3271 pomeridianam
879 3197 945 3255 dum
961 3211 978 3253 e
994 3211 1077 3254 coena
1091 3195 1226 3255 deanrbu·

66 3302 197 3377 abemus,
217 3300 294 3362 forte
308 3302 338 3359 in
358 3303 454 3375 platea
477 3304 662 3375 respicientes
687 3304 832 3376 insperato
856 3303 1019 3361 conradum
1042 3301 1228 3375 llilchlinga

68 3407 222 3468 Schonstad
244 3424 297 3467 nos
316 3408 454 3466 accedere
473 3408 615 3479 videmus,
641 3410 690 3480 qui
705 3408 816 3466 litteras
836 3424 853 3465 a
870 3408 985 3466 domina
1000 3421 1084 3465 socru
1100 3412 1128 3467 et
1142 3424 1226 3467 uxor·

67 3515 124 3573 cula
138 3513 255 3585 detulit,
276 3515 309 3570 ut
322 3528 342 3571 a
355 3514 560 3572 mercatoribus
580 3514 656 3570 mille
678 3511 801 3570 florenos
817 3514 945 3584 accipere
960 3529 1082 3586 possem,
1098 3511 1154 3574 fide
1168 3530 1227 3572 ma-

67 3619 114 3677 tris
127 3618 190 3676 hac
203 3617 338 3690 princeps
352 3614 447 3676 officio
469 3616 567 3676 sunem
581 3618 622 3676 nil
637 3618 756 3690 omittit,
778 3617 853 3689 quod
869 3617 905 3676 ad
921 3619 1049 3677 levamen
1065 3621 1165 3679 irarum
1181 3634 1227 3676 ca·

67 3720 217 3782 unitatum
232 3720 351 3782 fuceret.

145 3828 267 3888 Decima
288 3844 365 3888 nona
383 3827 465 3887 lunii
487 3828 533 3888 die
548 3828 714 3903 Walpurgis
737 3829 881 3889 eomitissa
902 3829 939 3889 ab
954 3828 1127 3901 Henueberg
1142 3827 1228 3885 vidua

68 3929 197 4018 iuchlo
211 3950 230 3993 a
245 3933 349 3992 madto
364 3948 417 3991 auo
427 3932 531 3991 carolo
546 3933 710 3992 aGleichen
726 3934 754 3991 in
768 3934 988 3992 Chraniehveldt
1002 3932 1165 3990 introducta
1175 3939 1227 3991 est.

85 4050 91 4115 j
146 4040 226 4099 drus
240 4038 388 4097 uxorculae
408 4038 529 4097 salutem
550 4040 631 4097 nobis
652 4040 821 4098 annuae-iuri
840 4039 938 4097 voluit.
978 4039 1071 4095 Etiam
1087 4037 1116 4094 in
1131 4037 1228 4097 Bairs·

70 4138 137 4203 loru
147 4145 266 4205 sinmm
280 4139 358 4203 ana
372 4148 418 4201 est
432 4141 468 4203 dc
483 4143 650 4218 captivitate
664 4142 778 4203 Alberti
792 4141 973 4202 marchionis.
