2678 4546
85 189 208 261 acceptis
228 187 332 246 horum
351 184 439 245 trium
458 183 602 256 optionem
622 179 705 253 dare,
729 185 761 239 ut
780 180 827 240 vel
845 179 1028 241 archiducem
1046 183 1076 240 in
1091 180 1260 256 Hispaniam

86 295 274 367 deducerent,
296 297 347 351 aut
360 289 477 364 proprio
493 304 551 347 aere
567 286 673 346 Caesari
692 286 723 344 in
737 284 892 346 Germania
907 288 945 347 ad
958 304 1071 348 meuses
1084 287 1198 362 aliquot
1211 289 1261 347 mi·

86 402 219 472 litarent,
241 403 292 458 aut
313 411 418 471 magna
439 394 566 468 pecuniae
588 409 698 452 summa
722 389 817 466 (quod
840 398 869 452 et
890 393 972 452 nobis
996 390 1109 467 evenit)
1132 410 1163 453 se
1186 393 1258 454 redi·

87 511 207 565 merent.
225 547 228 552 -

177 611 197 684 ij
214 608 287 681 Maji
302 604 481 666 amanuensis
495 604 544 663 ille
559 603 744 677 Augustanus
759 604 895 677 scriptum
910 603 1028 677 aliquod
1041 603 1125 664 nobis
1140 603 1259 664 afferens

89 718 175 775 venit.
220 712 331 772 Eadem
348 711 375 769 d.
391 709 539 768 Musoulus
559 710 632 767 hora
653 714 682 768 et
701 708 764 766 loco
782 710 925 767 consuetis
948 725 984 768 ex
998 725 1061 782 cap.
1081 712 1123 768 14
1141 709 1260 770 domnis

87 822 178 882 ,verba
197 820 259 878 haec
279 815 441 877 enarrando
463 817 631 889 prosecutus
654 818 712 887 est,
736 813 855 873 seilicet:
878 813 1009 872 Audistis
1030 812 1108 888 quod
1130 829 1187 888 ego
1206 814 1260 873 dixi

89 927 182 1000 robis,
206 923 280 985 vado
295 930 325 982 et
338 923 423 983 renio
438 921 476 980 ad
490 907 550 980 vos·
590 918 620 978 Si
636 918 792 992 diligeretis
810 935 868 992 me,
893 917 1057 993 gauderetis
1073 919 1175 992 utique
1188 918 1261 993 qued

89 1032 222 1091 dixerim:
239 1028 322 1088 Vada
334 1027 372 1086 ad
384 1031 505 1101 patrem,
522 1024 589 1096 qnia
603 1028 687 1097 pater
701 1024 793 1097 major
804 1040 849 1082 me
864 1029 970 1107 estete.
994 1025 1075 1082 Inter
1089 1028 1198 1083 caetera
1211 1025 1259 1085 ait:

89 1139 135 1198 Ex
153 1137 209 1195 hoc
223 1133 302 1208 quod
317 1131 447 1191 Christus
463 1128 582 1202 dixerit,
599 1130 659 1202 jam
673 1129 799 1188 instante
813 1129 901 1202 mmo,
919 1131 944 1187 si
959 1127 1119 1202 diligeretis
1138 1145 1184 1187 me
1200 1135 1260 1201 etc,

90 1242 163 1301 duas
177 1238 349 1315 quaestiones
365 1235 448 1308 oriri,
465 1250 563 1308 unam,
586 1250 654 1291 num
670 1231 800 1292 Christus
815 1233 852 1293 da
866 1248 963 1293 amora
978 1233 1185 1306 discipulorum
1200 1250 1260 1293 suo

91 1362 154 1404 rum
171 1360 240 1418 erga
255 1358 286 1400 se
301 1340 484 1414 dubitauerit,
501 1340 631 1413 alteram,
647 1354 685 1397 an
700 1336 830 1412 discipuli
846 1337 990 1398 Christum
1005 1340 1175 1399 amaverint.
1199 1339 1262 1398 Arn-

91 1453 143 1512 bas
158 1449 294 1526 (sirecte
308 1442 439 1519 memini)
455 1444 495 1502 sic
510 1423 617 1504 solvit,
636 1442 753 1503 Certum
768 1460 831 1504 esse
848 1443 992 1504 dominum
1006 1461 1025 1503 a
1040 1444 1189 1517 discipulis
1203 1461 1264 1518 per·

91 1560 190 1615 sancte
201 1553 373 1624 adamatum,
390 1565 482 1624 neque
491 1550 576 1609 etiam
588 1548 733 1609 dominnm
746 1550 783 1609 ‹ie
792 1550 847 1608 hoc
862 1551 908 1609 vel
919 1549 1074 1621 dubitasse,
1091 1549 1138 1608 vel
1149 1551 1262 1610 dixisse.

92 1660 150 1722 Sed
164 1675 227 1718 cum
242 1673 324 1716 annor
339 1656 410 1717 duos
425 1654 531 1728 gradus
543 1653 659 1728 habeat,
675 1642 748 1714 uuus
758 1661 811 1728 est,
827 1659 861 1715 nt
872 1657 979 1715 amicus
994 1672 1058 1714 oum
1071 1656 1165 1716 amieo
1180 1656 1264 1716 liben-

91 1767 200 1825 tissime
216 1767 400 1823 conversetur
416 1764 444 1819 et
459 1763 541 1833 agat,
562 1760 639 1833 qnod
654 1767 683 1820 et
701 1761 823 1819 maxime
837 1777 856 1819 a
872 1760 1017 1834 discipulis
1031 1759 1140 1843 sactum
1155 1763 1202 1821 sit
1238 1762 1265 1820 Ιε

92 1872 199 1948 gratim
214 1883 328 1943 quoque
348 1883 384 1926 ex
402 1865 497 1925 verbis
514 1863 621 1923 Christi
639 1871 765 1939 constat,
786 1866 836 1925 ubi
857 1865 944 1933 dicits
962 1865 1051 1924 Pater
1070 1871 1101 1924 et
1115 1882 1172 1939 ego
1191 1865 1265 1940 apud

92 1992 158 2036 eum
172 1974 349 2034 mansionem
362 1968 499 2043 iaciemus
514 1974 568 2028 etc.
605 1968 688 2028 Alter
702 1969 810 2044 gradus
826 1975 878 2044 est,
898 1969 976 2045 quod
990 1968 1140 2030 adamatus
1156 1973 1203 2032 rel
1217 1972 1266 2033 ad·

94 2079 182 2140 amati
195 2079 350 2148 honorem,
373 2075 495 2148 gloriam
511 2079 541 2133 et
554 2073 684 2134 fortunas
699 2074 760 2134 sire
773 2090 878 2148 magna
898 2075 958 2134 sive
972 2089 1063 2148 parva
1082 2074 1121 2135 ab
1135 2092 1172 2136 eo
1187 2092 1264 2137 aocc-

94 2184 203 2259 perint,
224 2185 356 2256 promota
370 2178 459 2239 velim
472 2183 503 2238 et
515 2180 546 2237 in
556 2179 610 2237 hoo
621 2178 716 2239 studio
732 2179 920 2241 delectantur.
957 2179 1013 2238 Hic
1027 2185 1124 2238 autem
1139 2181 1171 2240 in
1186 2181 1266 2242 disei-

94 2287 170 2363 pnlis
184 2285 276 2345 adhuc
291 2281 400 2357 aliquid
415 2297 529 2342 carnem
544 2283 658 2356 sapiens
673 2283 799 2344 haesisse.
838 2283 920 2357 Quod
933 2285 1047 2344 tametsi
1062 2283 1209 2346 Christum
1223 2303 1265 2347 re·

95 2392 282 2465 clamaverint,
307 2395 475 2449 nontamen
490 2403 587 2447 veram
602 2388 664 2461 ejus
678 2388 799 2463 gloriam
816 2391 991 2465 quaesierint,
1016 2406 1069 2449 neo
1083 2406 1134 2450 eas
1148 2407 1208 2468 res,
1232 2393 1264 2454 da

95 2499 196 2572 quibus
220 2498 351 2557 dominus
370 2494 494 2569 dixerat,
515 2497 594 2569 justa
616 2495 800 2554 meditatione
820 2500 850 2553 et
869 2495 1076 2555 deliberatione
1098 2497 1188 2556 animi
1202 2513 1263 2574 per·

94 2605 254 2681 penderint.
293 2606 365 2664 Item
380 2602 435 2664 hoc
453 2603 581 2678 exemplo
602 2603 645 2661 sni
666 2603 771 2662 amoris
788 2601 931 2661 Christum
951 2618 1004 2661 nos
1023 2602 1086 2659 haec
1100 2601 1205 2663 docere
1220 2619 1264 2662 ro

95 2713 190 2769 luisse.
231 2710 326 2767 Primo
342 2724 394 2766 nos
409 2707 502 2765 Deum
517 2713 642 2781 patrem,
666 2705 755 2764 filium
770 2712 800 2765 et
814 2707 944 2779 spiritum
960 2711 1090 2765 sanctum
1105 2723 1205 2768 amare
1221 2708 1263 2768 de

97 2816 174 2887 bere,
190 2829 288 2872 amare
302 2812 495 2885 magistratus,
511 2826 607 2870 amare
622 2810 702 2868 verbi
714 2810 868 2884 ministros,
885 2816 1029 2886 parentes,
1045 2811 1188 2888 dominos,
1203 2830 1264 2889 pro

97 2919 196 2991 ximos,
213 2917 299 2990 idque
313 2923 343 2976 et
357 2920 456 2975 mutuo
471 2921 500 2975 et
513 2917 670 2990 reciproce.
694 2913 794 2976 Obiter
811 2933 924 2990 qnoque
940 2917 975 2977 de
991 2917 1104 2977 decenti
1119 2920 1263 2980 ordinario

99 3030 128 3082 et
138 3024 218 3097 justo
232 3038 345 3095 amore,
362 3027 391 3081 et
405 3020 498 3094 qualis
512 3021 537 3078 is
553 3020 599 3094 sit,
615 3020 694 3079 dixit.
717 3021 850 3094 Exempli
864 3024 966 3096 gratia.
999 3023 1029 3082 Si
1044 3039 1118 3083 uxor
1133 3026 1262 3087 muium

98 3129 256 3202 adamaret,
279 3136 312 3188 nt
324 3128 405 3186 illum
419 3127 541 3186 ooebleae
556 3127 647 3187 instar
667 3143 778 3200 semper
799 3127 876 3187 domi
895 3128 1005 3187 haerere
1025 3127 1108 3202 velit,
1133 3147 1191 3205 quo
1206 3131 1263 3205 ipen

98 3251 210 3310 semper
223 3234 274 3292 illo
289 3231 346 3291 lrui
361 3237 456 3307 queat,
472 3247 526 3292 nee
539 3230 617 3293 foras
632 3232 670 3291 ad
682 3233 893 3308 negociatioues
905 3248 972 3293 suas
986 3233 1087 3293 autad
1100 3235 1160 3295 alia
1174 3251 1263 3296 necas

97 3341 176 3398 saria
189 3354 309 3397 munera
323 3337 464 3412 obeunda,
479 3354 541 3413 pree
555 3353 652 3398 amore
667 3339 721 3399 hoc
733 3355 832 3399 carere
847 3339 885 3399 ad
898 3345 1010 3413 tempus
1025 3339 1122 3399 vellet.
1146 3341 1212 3416 Hic,
1226 3342 1263 3401 in·

100 3445 174 3517 quit,
194 3459 274 3502 aanor
289 3460 347 3527 nee·
355 3445 496 3504 commodi
509 3460 561 3503 nec
576 3445 690 3505 dosoris
705 3444 854 3519 quicquam
869 3443 965 3518 habet,
990 3460 1056 3503 nam
1070 3444 1125 3503 hoc
1139 3447 1263 3520 utrisque

98 3552 129 3607 et
148 3549 177 3606 in
197 3547 330 3607 dammm
349 3551 465 3610 eederet
485 3555 515 3608 et
533 3550 634 3608 eulina
656 3550 764 3622 aerique
784 3545 919 3607 familiari
940 3549 1119 3624 dispendium
1139 3549 1262 3613 interret·

98 3653 165 3714 lion
178 3654 307 3713 absimile
323 3655 374 3729 sit,
396 3656 421 3713 si
435 3660 518 3728 pater
536 3655 639 3728 aliquis
654 3652 743 3713 filium
758 3655 804 3712 vel
818 3653 856 3713 ad
870 3654 957 3713 aliam
970 3655 1085 3727 urbem,
1107 3657 1154 3714 rel
1169 3657 1208 3717 ad
1221 3671 1263 3717 ox·

98 3766 176 3819 teras
191 3760 329 3834 pedones,
346 3761 391 3819 rel
405 3759 443 3820 ad
458 3759 643 3821 excolendum
657 3760 762 3834 ingenii
779 3760 824 3818 sni
834 3759 935 3832 solum,
952 3759 998 3817 vel
1012 3766 1207 3822 mercaturam
1220 3766 1264 3823 aut

98 3870 188 3925 artem
202 3865 396 3926 mechanicam
410 3865 560 3926 dbceudns
576 3867 689 3925 mittere
698 3866 893 3938 destinaverit,
909 3862 984 3923 filins
993 3881 1062 3925 vero
1075 3871 1157 3925 tanto
1172 3882 1264 3929 ammo

99 3986 167 4044 erga
181 3977 293 4045 patrem
308 3969 442 4031 affectum
456 3987 488 4030 se
503 3987 566 4030 esse
580 3970 782 4045 praetenderet,
798 3976 831 4030 ut
842 3985 872 4030 se
887 3986 905 4029 a
920 3976 1001 4043 patre
1016 3987 1074 4030 non
1089 3971 1188 4032 divehi
1203 3972 1266 4032 rellt

101 4090 153 4133 neo
168 4076 226 4135 alia
240 4078 355 4136 mittero
369 4081 526 4152 pateretur.
549 4075 652 4137 Nonne
667 4075 715 4135 hic
728 4075 818 4137 futuis
834 4080 910 4136 osset
922 4075 1023 4138 aanor?
1045 4075 1120 4136 Nam
1135 4075 1266 4138 filiumin
