2678 4546
686 39 754 95 158

218 210 535 288 unumunurm,
557 208 953 327 oummbemsuressm
976 207 1304 282 ommium

339 537 430 586 Aures
446 534 556 585 libertos
572 533 631 584 bac
648 533 848 600 propugnaculo
864 533 940 595 fecit,

376 623 456 672 Hosti
473 638 507 672 uc
526 623 574 671 fist
590 621 680 687 prada
696 627 806 671 omenta
822 621 889 671 fero.

339 711 383 761 Sic
404 718 492 759 tamen
510 715 539 758 ut
556 724 652 758 nomeu
671 707 770 758 domini
788 709 932 760 fortissime
948 709 1028 760 turris

376 797 473 848 Rideat
490 796 612 859 insultus,
631 797 752 859 tor-ins,
770 796 833 858 tela,
852 797 934 847 faces.

340 889 408 938 Nam
426 887 480 937 nisi
497 887 537 936 sic
556 884 677 934 domim
694 890 783 935 ueaoeu
799 883 944 934 debrientur
960 888 988 933 ct
1004 882 1080 933 urbis

376 970 986 1038 oursmrccvigmtuonmmarssa

220 1097 596 1172 Nunclibcrtasbogustae
615 1095 678 1155 fere
696 1094 854 1155 straminea
873 1100 933 1168 est,
954 1095 1304 1168 siutcceptumcstm'e

134 1203 314 1280 mederetur.

222 1306 334 1365 Eodem
348 1304 427 1364 Dido
445 1304 681 1376 aKniepbauseu
701 1302 849 1363 uobisomu
869 1317 987 1362 coenare
1005 1301 1113 1375 voluit,
1135 1300 1191 1361 scd
1213 1301 1302 1362 nescio

136 1410 244 1486 quade
259 1427 345 1470 ceusu
359 1409 435 1469 domi
449 1410 598 1468 remansit

225 1515 336 1575 Eadem
350 1515 440 1573 bbros
454 1520 519 1573 octo
532 1512 730 1588 precationum
744 1525 892 1570 sacram
913 1525 967 1584 pro
981 1524 1071 1569 aureo
1085 1526 1147 1570 uuo
1160 1522 1303 1585 corum

136 1623 229 1681 vimus
245 1618 267 1693 ¹,
292 1620 448 1679 chronicon
461 1619 530 1677 item
544 1632 701 1675 caesareum
713 1615 840 1690 Appiani
860 1632 915 1691 pro
929 1615 1056 1688 quinque
1068 1612 1191 1674 dmcnis
1204 1615 1301 1687 mei,

135 1730 338 1786 testamentum
352 1739 457 1783 novum
472 1739 525 1796 pro
540 1728 651 1796 septem
663 1721 768 1795 battis,
788 1721 851 1780 Der
862 1721 976 1782 Leieuu
987 1719 1084 1780 Bubeil
1104 1735 1162 1794 pro
1185 1723 1302 1794 quatuor

135 1829 237 1890 butum

223 1932 283 1992 Per
296 1933 438 1991 Joaunem
451 1931 651 2004 Milcblingum
664 1931 762 1989 comiti
776 1944 795 1989 a
808 1929 924 1990 Nesssu
936 1930 1049 1989 littms
1063 1928 1103 1990 od
1116 1928 1300 1990 mrcbiom

138 2036 288 2097 Albertum
302 2036 538 2095 transmittendas
553 2037 584 2093 in
598 2051 685 2094 causa
699 2035 833 2110 Daiwigk
848 2032 955 2094 deferri
968 2036 1143 2094 curavimus.

225 2137 899 2200 EadcmHemicusCrsdbndduxitMsttbiam
917 2138 1023 2198 soma
1044 2136 1298 2199 ciamolitiomer·

136 2250 266 2301 catorum
281 2240 475 2301 derKrcflter.
498 2244 528 2301 Is
541 2259 652 2301 mecum
666 2244 823 2303 collocutos
838 2242 875 2302 de
888 2241 1045 2302 insiscndis
1058 2243 1181 2303 minum
1194 2242 1298 2304 iulu-

137 2347 272 2420 bcrgiuco
287 2352 384 2405 moute
402 2361 460 2404 nou
476 2348 576 2418 procul
590 2365 609 2407 a
623 2346 784 2407 Corbacbio
799 2348 864 2407 sito.
903 2345 1096 2406 Convenimus
1113 2352 1150 2407 ut
1167 2364 1222 2408 uos
1234 2345 1298 2406 iden

136 2450 276 2511 Matthias
290 2451 321 2508 iu
335 2450 500 2509 comitatum
515 2458 644 2510 nostrum
658 2459 788 2526 tompore
803 2455 965 2525 opportuno
979 2451 1184 2525 subsequatur.

227 2555 339 2615 Coeuati
354 2561 421 2613 sunt
436 2556 583 2614 uobiscum
597 2572 635 2612 m.
652 2555 840 2614 Sebastianus
854 2554 992 2615 Glsscrus
1006 2561 1037 2614 et
1050 2555 1297 2616 submerum

138 2657 242 2732 berger
256 2659 470 2732 archiepiscopo
485 2659 651 2718 Treuircusi
664 2675 682 2717 a
696 2659 815 2733 poculis.

227 2761 319 2820 wrm
336 2764 438 2823 Hnller
459 2765 497 2823 ab
517 2764 693 2822 Hallersteiu
715 2765 746 2822 in
766 2763 896 2824 inferiori
917 2761 1074 2824 Gumis
1095 2778 1134 2821 cx
1147 2759 1298 2821 ciduubu

139 2863 273 2922 Saxouiae
294 2881 369 2923 nunc
389 2868 490 2925 coesari
506 2883 583 2940 eam,
605 2884 691 2940 quam
706 2868 801 2927 adbuc
815 2885 852 2927 ex
872 2869 995 2942 wcuuia
1010 2864 1187 2927 dofemouis
1202 2866 1246 2943 (ut
1256 2878 1297 2923 ro·

139 2965 219 3040 cunt)
235 2966 394 3040 debebant,
417 2985 472 3044 pro
487 2971 613 3030 subsidio
635 2976 736 3031 contra
756 2973 880 3032 ibrcam
894 2973 1020 3048 collegit
1058 2970 1140 3030 idem
1153 2968 1254 3031 Habe
1265 2964 1300 3027 ob

140 3073 270 3131 civitates
285 3073 434 3132 saxonicas
450 3081 478 3133 et
494 3089 557 3147 eas,
578 3091 650 3146 quas
664 3076 772 3135 Hausae
785 3083 903 3150 uocant,
927 3091 1036 3137 oceeuo
1056 3073 1230 3136 Gannico
1242 3084 1298 3147 Μ’

140 3178 231 3236 ximas
244 3177 282 3236 ob
297 3177 416 3236 Interim
429 3178 501 3238 illud
514 3180 693 3239 tumultuari.

230 3281 393 3355 Exurgc‚o
408 3283 531 3356 domine,
547 3289 576 3342 ct
590 3299 655 3342 cum
670 3301 755 3357 quem
770 3284 874 3344 dedisti
888 3285 1094 3360 legislatorem,
1109 3285 1158 3345 eui
1171 3277 1299 3344 onusto
1320 3320 1333 3341 .

140 3398 241 3442 mouns
261 3385 471 3460 contradidisti,
501 3388 601 3447 ‚Iesum
624 3384 768 3448 Christum
787 3387 932 3448 dominum
952 3393 1083 3450 noem
1101 3386 1152 3450 ise
1170 3378 1298 3450 dmin!
1320 3412 1333 3451 :

140 3486 171 3545 iu
184 3487 279 3547 medio
294 3491 473 3550 inimicorum
488 3509 613 3566 suorum,
634 3499 666 3552 ut
680 3493 773 3553 sciant
787 3493 904 3554 tandem
917 3508 1003 3569 reges
1017 3499 1048 3554 et
1060 3494 1221 3571 pristim
1233 3482 1299 3569 Μ
1319 3520 1333 3537 ·

140 3592 269 3651 homiues
285 3602 360 3653 suut.

229 3697 339 3757 Eadem
354 3699 437 3758 uobis
451 3699 607 3760 iudicatum
622 3708 666 3761 est
680 3717 733 3775 per
742 3703 873 3762 homines
881 3719 941 3763 non
952 3704 1048 3763 minus
1062 3702 1128 3778 pios
1142 3716 1229 3777 quam
1240 3694 1297 3758 doe
1318 3736 1333 3771 =

139 3808 201 3877 tos,
218 3803 361 3878 quomodo
376 3819 408 3864 se
421 3804 515 3878 ipsum
532 3806 660 3867 Joauncs
674 3806 797 3867 islebius
811 3807 936 3868 titulsrit
950 3813 980 3868 et
994 3823 1081 3884 quam
1095 3806 1212 3867 subimet
1224 3802 1298 3864 boue

717 3985 734 4020 t

216 4104 228 4148 1
248 4099 310 4153 Lice
327 4101 547 4154 nuouomicum.
576 4101 636 4167 b'gl.
655 4117 716 4153 aum
736 4107 767 4153 14
785 4101 849 4155 dou.
