2678 4546
559 115 562 119 .
643 39 707 93 sao

88 211 171 269 nobis
186 209 305 284 perinde
320 168 488 269 acAbraam
503 208 579 285 iecit,
596 211 645 284 qui
660 205 872 269 sacrificaturus
884 207 1000 277 domino
1011 209 1044 270 iu
1058 214 1160 270 moute
1165 210 1243 285 Mors

88 317 170 375 Isaac
184 312 274 373 filium
288 331 371 374 suum
385 314 505 376 adduxit
517 316 548 374 in
562 320 697 389 montem,
721 315 812 381 servis
827 322 858 375 et
870 315 987 376 camelis
1000 314 1041 376 ad
1055 314 1173 377 radices
1187 331 1243 375 mor

88 421 125 478 tis
140 422 255 479 relictis.
294 421 341 481 Sic
356 428 386 481 et
402 439 453 481 nos
473 428 589 497 oportet
613 422 704 482 solum
720 420 864 480 Christum
878 422 956 496 patri
971 426 1125 482 ostentare
1140 427 1171 482 et
1184 420 1243 481 fidet

88 525 211 584 inillam
226 532 352 587 statuere
368 534 397 587 et
411 530 472 603 ejus
488 528 621 588 charitati
636 528 729 602 inuiti,
750 527 856 586 nostris
876 525 1135 600 imaginationibus
1152 532 1182 587 et
1194 525 1243 585 tict

89 633 223 706 operibus
243 633 327 706 longe
347 650 364 691 a
384 639 467 709 tergo
486 634 610 708 relictis,
642 630 878 707 quemadmodum
897 635 926 691 et
946 630 995 690 bie
1015 630 1044 690 (l.
1064 630 1199 692 Josnnes
1212 631 1243 690 ait

87 737 142 809 Qui
157 737 226 796 dicit
240 754 271 796 se
286 739 315 795 iu
331 738 394 797 luce
410 755 472 797 esse
487 744 517 798 et
531 737 653 798 tratrem
666 754 749 797 suum
763 736 834 813 odit,
850 737 881 796 in
896 735 1024 796 tenebris
1034 722 1095 797 est.
1135 737 1166 797 Si
1181 737 1243 796 eniu

87 844 195 917 inquit,
218 844 344 918 parietes
370 843 514 903 coloribus
534 844 632 902 illiniri
652 860 749 902 curem
772 849 802 902 et
821 841 920 902 fremis
942 842 1110 901 necessitati
1125 857 1184 902 non
1198 841 1243 917 sul

87 950 181 1022 venio,
200 949 324 1008 nondum
339 950 369 1006 in
384 950 457 1021 lnce,
474 948 569 1007 sedin
584 949 733 1023 ipsissimis
748 947 876 1009 tenebris
890 946 1013 1008 ambulo.
1040 946 1175 1007 Christus
1190 946 1243 1005 enit

87 1053 272 1126 adjudicium
287 1055 403 1112 veniens
418 1070 478 1112 non
492 1054 683 1113 sciscitabitur
697 1072 715 1114 a
729 1071 785 1128 me,
801 1060 872 1129 quot
886 1053 1006 1126 collegia
1021 1053 1108 1127 regio
1123 1058 1243 1128 apparat

88 1159 239 1233 splendida
252 1160 468 1230 construxerim,
485 1164 536 1218 aut
550 1159 711 1233 hujusmodi
726 1158 796 1232 quid
810 1161 927 1233 egerim,
938 1174 1045 1217 aerum
1058 1158 1183 1232 inquiet,
1197 1173 1243 1217 esu

87 1265 142 1322 rivi
162 1270 191 1321 et
213 1262 332 1323 dedistis
352 1264 421 1321 mibi
441 1263 629 1337 manducare,
651 1265 726 1323 sitim
747 1280 849 1339 passus
867 1279 946 1337 sum,
968 1267 998 1323 et
1012 1268 1116 1336 potum
1129 1263 1197 1321 mibi
1210 1260 1242 1319 de

88 1367 165 1441 disti,
181 1368 274 1426 raudus
289 1365 329 1425 iai
345 1375 398 1428 etc.
422 1370 463 1429 Et
477 1385 492 1428 e
507 1375 617 1428 contra.
642 1369 711 1442 Quae
727 1374 822 1428 eutem
837 1370 876 1428 sit
890 1384 959 1428 vera
971 1368 1101 1428 ebaritas
1117 1367 1243 1428 exPsulo

88 1472 216 1532 Corinth.
233 1475 327 1547 eapite
346 1477 394 1534 13.
422 1475 462 1534 Et
477 1475 553 1549 qnod
569 1473 700 1534 Christus
714 1475 754 1534 ad
768 1475 891 1535 scribam
904 1474 986 1533 illum
1000 1473 1135 1535 dixerat:
1152 1472 1243 1547 Dilige:

87 1579 246 1652 proximum
261 1580 378 1639 sicutte
393 1580 496 1654 ipsum,
517 1579 572 1639 hoo
587 1582 662 1638 enim
677 1586 722 1638 est
736 1580 783 1638 lex
798 1584 828 1639 et
841 1579 1019 1638 mandatum.
1058 1579 1101 1639 Et
1114 1585 1243 1653 postremi

87 1684 163 1758 quod
177 1685 285 1743 bloises
299 1690 390 1744 totam
404 1685 497 1759 legem
512 1685 550 1744 ad
565 1687 694 1759 regulum
709 1684 857 1744 charitatis
879 1681 1034 1743 inflexerit
1073 1683 1209 1758 Aequod
1219 1698 1243 1742 ιι

88 1790 161 1848 hane
177 1790 304 1864 regulam
325 1792 406 1864 quasi
427 1790 463 1848 ad
485 1793 620 1851 amussim
640 1808 739 1851 omnes
754 1791 820 1850 vita
835 1794 941 1850 nostre
956 1789 1088 1849 actiones
1104 1786 1243 1865 dirigende

86 1902 153 1955 sunt
168 1903 221 1955 etc.
239 1896 343 1955 docuit.
367 1896 508 1955 Dominus
522 1897 617 1969 lesus,
634 1898 682 1971 qui
698 1898 798 1955 unicus
814 1897 906 1957 omnis
921 1896 1039 1969 pietatis
1054 1911 1161 1981 scopus
1174 1909 1243 1969 prou

86 2007 116 2059 et
129 2003 243 2076 puppis,
260 2019 312 2060 nos
327 2002 430 2076 spiritu
445 2018 497 2060 suo
510 2002 587 2063 bono
602 2002 725 2077 dirigat,
741 2009 774 2062 ut
794 2017 893 2063 omnes
908 2002 975 2062 vitae
995 2005 1105 2061 nostrae
1121 2001 1243 2075 opnor

86 2111 116 2164 et
130 2111 210 2165 aetus
225 2107 262 2166 ad
277 2107 405 2180 regulam
420 2108 567 2168 charitatis
586 2109 712 2183 dirigere
732 2124 871 2183 queamus
893 2113 925 2166 et
938 2124 996 2181 quo
1010 2106 1051 2167 sd
1064 2111 1180 2182 patrem
1192 2118 1243 2181 pm

86 2213 231 2269 veniamus
246 2229 298 2285 per
313 2208 402 2269 filium
418 2218 447 2270 et
463 2215 492 2271 in
507 2214 636 2273 omuibus
651 2216 783 2289 proximo
803 2215 833 2273 iu
853 2211 1074 2273 aedificationem
1091 2213 1243 2273 servium

88 2318 133 2374 eui
150 2316 199 2375 urii
215 2317 347 2390 trinoque
364 2317 419 2377 deo
435 2319 473 2377 sit
488 2317 582 2379 fausta
597 2326 735 2395 potestas.

174 2422 283 2482 Eadem
304 2421 452 2482 Glaserurn
473 2430 502 2484 et
517 2425 665 2484 Liberium
689 2426 801 2513 aenos
823 2425 1039 2485 accersebamus
1062 2422 1243 2483 musitante

87 2528 123 2589 do
138 2530 342 2602 capitulatione
367 2547 472 2602 sasque
493 2530 587 2603 deque
606 2548 639 2590 re
660 2549 803 2608 perpensa
825 2548 910 2591 unam
934 2536 964 2590 et
978 2530 1100 2590 eandem
1117 2530 1243 2590 eorumet

86 2634 194 2692 domini
209 2635 321 2694 Nicolai
337 2635 440 2707 llaper
455 2637 626 2694 sententiam
642 2654 704 2696 esse
719 2638 923 2712 comperimus,
946 2635 1108 2709 presertim
1131 2628 1243 2708 quoru

87 2739 231 2797 uxorculae
247 2740 359 2799 litteras
375 2748 404 2799 et
419 2743 482 2800 auri
498 2743 622 2801 mineras
638 2741 788 2802 attinebat.

174 2843 322 2902 Liberium
337 2845 375 2904 ad
391 2846 505 2904 Seldum
521 2848 681 2907 remisimus
695 2864 759 2906 oum
774 2847 991 2921 capitulatione,
1007 2849 1033 2906 si
1048 2845 1125 2908 torte
1140 2839 1243 2905 termini

85 2946 237 3005 solutionis
252 2951 404 3023 prorogari
420 2957 537 3023 possent
553 2953 749 3026 marticulus,
765 2951 844 3026 quod
859 2968 958 3013 omnes
973 2952 1100 3027 querelae
1116 2951 1153 3011 ael
1168 2962 1243 3009 case

85 3069 145 3112 rem
160 3052 320 3113 referendae
337 3062 441 3128 essent,
458 3057 592 3131 mitigari.

173 3159 281 3218 Eadem
298 3161 327 3218 in
342 3161 408 3218 aula
424 3162 526 3221 domus
541 3169 706 3223 senatorum
718 3163 855 3236 Augusta
871 3160 993 3221 vidimus
1008 3163 1158 3224 doctorem
1165 3159 1243 3219 b'ioo-

84 3263 159 3322 launr
174 3265 236 3322 Eelr
251 3282 269 3324 a
284 3265 420 3325 Landeck
435 3284 597 3342 supremum
612 3268 804 3327 consiliarium
820 3267 967 3328 ll'ilbelmi
981 3268 1162 3329 Bauarorum
1176 3260 1243 3325 (luti

85 3370 224 3441 insignem
240 3370 318 3429 illum
335 3373 426 3429 sirum
440 3373 476 3447 (si
493 3371 677 3447 displaceat,
694 3373 742 3446 qui
758 3378 875 3432 strenue
889 3372 1065 3447 evangelicis
1079 3371 1192 3433 veritati
1204 3382 1243 3429 1·

84 3490 139 3546 qne
155 3474 184 3531 iu
199 3476 273 3533 lrunc
290 3475 364 3534 aliern
380 3478 494 3551 restitit,
512 3484 544 3537 ut
559 3480 641 3537 testis
656 3485 701 3537 est
714 3481 805 3538 omnis
820 3479 952 3553 superior
958 3472 1087 3538 Bararis
1100 3494 1136 3539 ac
1149 3470 1243 3536 Arne

83 3577 186 3638 dorum
202 3581 302 3640 domus
319 3583 347 3639 in
364 3582 558 3657 Nenenburgo
574 3583 613 3642 ad
627 3582 792 3643 Danubium
807 3582 934 3645 funditus
949 3585 1064 3643 excisa.

173 3687 266 3746 t‘susa
283 3686 363 3747 dilati
379 3688 465 3747 eelioti
480 3693 532 3757 est,
549 3688 625 3762 quod
641 3690 772 3748 civitates
787 3689 897 3763 aliquot
911 3696 1014 3750 conus
1029 3688 1169 3764 quosdam
1184 3682 1243 3747 uti

83 3792 161 3852 eulos
177 3793 385 3868 supplicarunt.

170 3900 270 3959 iustus
285 3899 448 3960 Kolberlrer
463 3899 608 3973 urgendus
631 3906 702 3973 erut,
719 3907 751 3959 nt
766 3899 874 3961 diuum
888 3899 1032 3960 oeconomi
1047 3896 1172 3959 officium
1186 3892 1243 3957 mbr

84 4000 147 4074 iret,
163 4003 248 4079 idque
263 4005 301 4064 ad
315 4004 377 4064 (lies
392 4010 457 4063 octo
472 4021 504 4064 se
519 4003 660 4064 iacturum
674 4007 793 4080 recepit.

170 4110 305 4171 alienus
319 4126 415 4173 comes
429 4126 449 4170 a
461 4107 621 4171 blamtelrb
633 4110 682 4171 vix
696 4109 806 4172 sumn
820 4110 992 4175 ceruorum
1005 4120 1207 4187 consequetur.
