2678 4546
630 78 674 145 95

62 259 213 320 adducens
229 258 353 319 Paulum
372 258 576 331 arripientem
591 258 769 333 Cadnthios,
798 259 876 333 quod
896 277 927 321 se
946 264 1019 320 alias
1040 262 1136 336 Pauli,
1165 264 1239 322 alius

64 362 181 438 Gepbae,
205 364 280 423 alius
300 362 443 438 Apollinis
462 363 593 437 discipuli
613 364 806 436 gloriarentur
825 382 898 425 esse.
929 366 991 424 Nec
1010 367 1125 426 interim
1146 368 1237 441 negli-

63 484 134 542 gens
149 469 281 543 papistas
295 472 324 527 et
338 467 491 527 monachas
506 468 611 528 diversi
627 468 735 528 ordinis
751 475 781 528 et
795 472 909 545 similes,
934 472 985 544 qai
1006 488 1063 531 non
1078 474 1108 529 in
1124 471 1237 532 Christo

19 604 25 625 .
64 572 115 631 sed
129 570 186 631 suh
200 574 261 631 suis
274 574 405 646 patronis
426 579 500 631 sunt.
537 573 609 632 Ibem
629 580 731 632 taram
752 590 787 632 ex
807 577 923 648 uostris,
947 578 996 649 qui
1017 576 1104 635 verbo
1125 582 1237 636 tantum

64 682 93 736 et
114 682 251 737 oretenus
273 675 428 737 Christiani
451 684 525 736 suut
564 677 625 737 Nec
645 680 720 736 enlm
743 677 873 738 sufficere
894 679 948 753 ait,
973 681 1038 739 ritis
1058 696 1171 741 succum
1193 690 1235 741 at·

65 783 198 867 unxisse,
221 780 273 841 sed
287 787 422 856 oportere
437 788 470 842 ιιι
484 798 555 841 uvas
570 788 599 840 et
613 782 712 841 botros
735 781 868 842 ieramus.
901 783 957 843 Sed
976 784 1053 844 dices
1072 784 1160 845 forta:
1182 786 1237 859 Qui

65 888 136 945 scire
155 902 286 961 possum,
311 887 427 959 quando
449 887 479 946 in
501 886 615 946 Christo
635 886 785 946 maneam?
822 887 994 962 Respondit:
1018 888 1088 948 Cum
1109 891 1236 964 spiritus,

67 993 112 1064 aui
124 996 170 1050 est
180 992 213 1049 in
225 991 349 1064 homine,
361 993 442 1063 sciat,
451 991 520 1066 quid
533 993 571 1050 sit
583 992 614 1050 in
627 990 749 1064 bomine,
758 991 842 1052 facile
854 995 1012 1067 resolveris,
1022 1011 1090 1052 oum
1102 1010 1139 1053 ex
1150 996 1237 1054 corde

66 1095 134 1155 bene
149 1110 223 1168 erga
236 1094 381 1154 Glnisturn
395 1090 514 1155 adamus
528 1096 576 1168 sis,
600 1112 638 1154 an
653 1111 743 1155 secus.
776 1096 849 1169 Quia
865 1105 960 1157 autom
979 1098 1089 1173 palmes
1109 1113 1167 1156 non
1180 1096 1238 1156 fert

10 1210 12 1215 ·
65 1196 186 1258 metum
208 1205 292 1261 extra
312 1199 413 1272 viterm
443 1199 614 1259 manendum
635 1200 688 1260 tibi
711 1203 740 1259 in
765 1199 879 1262 cbristo
902 1210 946 1262 cst
969 1207 998 1262 et
1021 1203 1067 1260 bic
1090 1202 1237 1275 rogandus

64 1310 117 1379 est,
142 1310 177 1362 ut
194 1305 279 1378 juxta
299 1306 517 1378 promissionem
538 1320 619 1364 suam
642 1307 672 1363 in
693 1310 723 1363 ιι
744 1314 866 1364 maneat.
906 1306 945 1365 Et
965 1314 1108 1380 praetcrea
1130 1307 1236 1365 multas

63 1411 205 1470 mutares
222 1424 385 1483 paraeneses
406 1426 442 1469 ex
461 1410 516 1469 hoe
535 1414 616 1469 textu
635 1409 663 1469 d.
685 1408 832 1469 Musonius
852 1410 997 1484 produxit.
1029 1412 1086 1470 Det
1105 1410 1236 1471 Christus

63 1515 209 1588 domium,
232 1519 265 1573 ut
282 1515 314 1574 in
331 1530 366 1575 eo
385 1528 611 1589 permaneamus,
635 1522 665 1573 et
684 1515 793 1588 ipsein
813 1515 897 1575 nobis
917 1532 1032 1576 manere
1053 1518 1131 1590 velit,
1152 1518 1235 1589 juxta

62 1620 220 1693 ipsiusmet,
243 1620 293 1693 qul
309 1618 372 1693 ipss
385 1625 431 1679 ast
449 1621 565 1693 veritas,
588 1620 815 1694 promissionem.
847 1621 880 1679 ln
902 1622 1145 1681 obsecrationibus
1160 1623 1235 1681 inter

62 1730 165 1783 ιιιιτι
187 1738 273 1784 orare
291 1738 346 1797 pro
365 1724 552 1800 Imperatore,
575 1740 657 1797 rege,
686 1723 856 1783 electoribus
878 1729 908 1782 et
929 1726 1059 1784 omnibus
1082 1726 1234 1797 magistra·

62 1828 151 1904 ubas,
174 1816 209 1889 ut
231 1816 307 1889 dsus'
321 1827 437 1888 illorum
458 1832 568 1889 animos
587 1829 728 1890 instillare
750 1827 919 1902 dignaretur
941 1844 1097 1901 agnoscere
1119 1829 1235 1901 quasit

64 1931 224 1994 dilimentia
237 1935 316 1993 inter
328 1934 526 2007 magistratum
541 1934 679 1993 turcicum
695 1937 724 1992 et
738 1932 939 2006 christianum,
959 1933 1053 2004 jussit.

148 2038 260 2099 Eadem
281 2039 396 2113 quidam
415 2044 494 2097 ιιιιι
514 2036 677 2098 affirmabat
696 2038 772 2097 intra
792 2036 865 2097 duos
886 2053 998 2096 menses
1017 2039 1131 2098 mmitia
1150 2039 1232 2098 absa·

65 2142 123 2202 luta
135 2140 210 2203 iare.
242 2143 301 2202 Sed
316 2158 407 2202 vanus
421 2142 468 2201 hic
481 2142 576 2202 extitit
590 2159 691 2217 augur.

10 2238 15 2331 Ἰ
150 2246 308 2322 Postquam
323 2247 523 2307 Amabatensis
541 2262 560 2305 a
579 2249 702 2322 septima
720 2248 758 2308 ad
778 2254 905 2307 octavam
927 2248 1045 2308 anobis
1067 2253 1233 2322 expectatus

65 2358 144 2426 esset,
167 2352 286 2413 tandem
301 2353 355 2412 hoc
370 2351 451 2412 dedit
468 2354 606 2426 responsi,
631 2368 663 2410 se
684 2352 809 2412 nondum
828 2353 918 2412 nostri
938 2354 1066 2428 potuisse
1085 2352 1162 2426 apud
1180 2354 1232 2411 im·

65 2463 226 2532 perstarem
248 2458 420 2517 meduanam
442 2454 544 2516 iacere.
584 2456 713 2530 Rogatus
737 2462 769 2514 ut
792 2458 837 2515 ael
860 2455 954 2515 adhuc
976 2455 1096 2528 iaceret,
1120 2455 1232 2529 lacum,

12 2566 30 2629 1,
66 2563 118 2636 ait,
140 2561 194 2622 sed
215 2566 331 2637 oportet
353 2576 404 2622 vos
426 2568 577 2635 expectare
600 2567 710 2634 tempas
734 2560 768 2619 ad
793 2559 822 2618 id
846 2560 1030 2619 commodum.
1074 2559 1183 2618 Aderat
1204 2566 1234 2618 et

10 2636 38 2727 ff
67 2664 226 2726 birlveuda.

19 2762 40 2817 *3*-
148 2769 282 2831 biarchis
303 2771 410 2831 elector
431 2771 712 2844 brandenburgensis
735 2774 764 2830 et
786 2784 858 2828 uxor
879 2771 953 2843 ejus,
984 2784 1078 2827 eomes
1105 2768 1233 2827 loannes

28 2880 46 2921 ⁸
73 2872 238 2935 ewaldeck
252 2875 508 2949 etSchombergius
523 2877 751 2950 protospatarius
767 2874 888 2934 Caesaris
904 2874 982 2948 apud
997 2873 1139 2932 dominam
1154 2873 1233 2947 priu-

39 2979 153 3054 lalpem
172 2980 287 3041 Hassis
310 2982 406 3053 pransi
426 2985 501 3038 sunt.
534 2979 558 3036 A
578 2979 701 3052 prandio
721 2981 828 3039 elector
847 2995 965 3038 uxorem
986 2994 1066 3036 suam
1088 2984 1118 3036 ιι
1136 2978 1230 3037 landt-

48 3116 51 3121 ·
75 3086 189 3155 stadam
213 3087 244 3143 in
269 3085 370 3144 hortos
391 3084 528 3144 Herbroti
552 3088 702 3143 seruatum
726 3085 820 3155 duxit,
850 3084 899 3143 ubi
922 3083 1065 3143 dominam
1087 3080 1232 3155 undtgra·

75 3188 136 3248 viam
150 3194 181 3249 et
194 3190 250 3263 ipsl
264 3188 381 3249 auocati
396 3204 506 3261 sumus,
531 3202 594 3247 eam
608 3187 647 3246 ad
660 3186 816 3262 hospitium
838 3188 981 3247 ducemus.

150 3272 249 3354 Allata
268 3300 312 3354 est
327 3292 413 3367 lama,
436 3294 466 3351 in
481 3292 702 3353 Noviomarebia
721 3293 791 3352 urbe
811 3293 936 3351 Palatini
956 3292 1087 3349 electoris
1107 3278 1233 3348 interdiu

74 3398 140 3459 dara
156 3400 218 3474 jam
236 3397 299 3458 sole
317 3397 453 3472 templum
472 3395 581 3457 facibus
601 3395 766 3456 ardentibus
787 3397 914 3470 undique
934 3395 1118 3467 completum,
1141 3395 1182 3452 ita
1201 3401 1233 3452 ut

73 3500 224 3564 bominibus
243 3504 275 3563 in
293 3501 358 3561 foro
377 3501 624 3561 deambulantibus
639 3503 769 3574 proximo
789 3504 879 3560 visum
894 3502 932 3559 sit
952 3502 1029 3559 intus
1044 3497 1231 3572 conflagrare,

72 3610 209 3669 onmem
228 3609 279 3687 qui
297 3608 435 3668 tumultus
454 3609 531 3666 intra
549 3608 687 3683 templum
707 3605 796 3666 auditi
816 3609 881 3665 siut.
921 3603 1009 3664 Omen
1031 3603 1109 3663 haud
1131 3602 1230 3672 dabie;

71 3712 132 3785 qnid
143 3719 246 3774 autem
264 3715 429 3787 portendat,
454 3716 533 3774 norit
548 3713 686 3783 dominus,
710 3713 759 3783 qui
774 3711 916 3784 propitius
935 3716 1036 3768 cuncta
1055 3707 1132 3766 mala
1150 3720 1230 3764 aver·

68 3820 115 3877 tat.
144 3819 251 3880 Relatu
266 3818 387 3878 Adriani
402 3835 420 3877 a
435 3819 556 3878 Zertzen
571 3821 601 3877 et
615 3796 821 3876 Eichstatensis
837 3815 972 3887 episcopi.

150 3922 283 3983 diarchia
306 3922 414 3982 elector
436 3919 713 3993 brandenburgensis
733 3921 810 3993 apud
830 3936 983 3979 cesaream
1004 3918 1181 3987 majestatem
1202 3929 1233 3972 se

66 4028 327 4101 prchldeciauis
340 4028 488 4087 comitibus
503 4028 722 4085 intercessurum
737 4026 880 4098 pollicitus
895 4028 946 4080 est.
1112 4080 1117 4088 ,

148 4132 297 4192 Adrianus
318 4132 472 4191 aZertzen
491 4146 554 4190 cum
575 4128 745 4189 coloniense
759 4127 865 4187 Eubuli
887 4140 955 4198 ergo
976 4125 1068 4195 egisse
1088 4122 1231 4193 gloriaba-
