2678 4546
617 44 681 111 lca

150 232 215 293 Hac
229 232 276 291 die
291 232 383 305 primo
396 230 444 289 hic
458 228 722 303 praestantissimum
738 230 830 287 rir11m
845 228 873 286 d.
888 229 1028 288 Jacobum
1044 231 1150 300 Sturm,
1166 246 1232 302 pro·

57 338 207 398 consulem
220 336 494 411 Argentoratensem
509 333 639 392 vidimus.
677 335 784 391 l'erum
805 332 828 390 is
849 335 940 392 nostri
960 334 1065 393 oblitus
1085 340 1158 407 erat,
1181 350 1234 393 nec

58 442 128 503 dum
143 442 282 515 temporis
296 440 342 500 vel
357 441 412 514 ipsi
426 441 472 498 vel
486 440 567 499 nobis
583 439 702 498 vacabat
717 440 809 512 ipsum
823 439 899 497 inter
913 455 996 497 sacra
1011 439 1172 497 molestare.

150 547 278 607 Pramus
294 553 339 605 est
352 544 499 606 nobiscum
515 544 635 604 Carolus
650 561 668 602 n
683 543 845 603 Stockhem.
876 544 903 602 A
923 545 1045 617 prandio
1066 544 1164 604 hortos
1182 543 1233 601 Ja-

59 651 125 712 cobi
147 650 239 710 Adlcr
261 656 292 710 et
312 651 372 709 Viti
394 651 514 710 Wittich
536 648 685 708 adonideis
708 648 800 708 hortis
824 665 881 707 non
904 648 992 708 multo
1016 650 1168 708 dissimiles
1191 651 1232 707 ri-

58 757 164 815 dimus.

149 859 197 920 Ad
217 860 333 920 tertiam
351 857 579 934 pomeridianum
600 858 627 916 d.
649 857 807 932 Masculus,
831 856 908 930 quod
927 857 1068 928 reliquum
1089 862 1152 915 erat
1166 872 1232 915 con·

59 965 161 1038 tionis,
183 963 315 1024 absolvit.
347 963 405 1023 Sed
420 961 507 1038 (proh
522 960 616 1036 dolor)
632 979 685 1022 nos
701 963 754 1021 toti
770 979 827 1021 non
848 960 1008 1019 ederemus.
1039 960 1170 1035 Urgebat
1183 976 1234 1020 au·

59 1076 115 1129 tem
138 1069 195 1128 hoc
214 1069 252 1127 de
272 1069 445 1128 unanimiter
466 1067 647 1141 congregatis
669 1066 778 1126 dicens:
801 1068 868 1126 Non
890 1083 997 1139 omnes,
1022 1066 1071 1137 qui
1093 1067 1123 1123 in
1137 1065 1234 1139 eliqua

59 1190 91 1232 re
120 1174 305 1232 consentiunt
333 1179 363 1233 ct
388 1172 518 1246 eiusdem
544 1173 631 1231 animi
658 1179 739 1244 sunt,
767 1173 909 1246 rccipiunt
935 1172 1067 1245 spiritum
1094 1174 1232 1229 sanctum.

61 1279 133 1338 llam
156 1284 187 1336 at
206 1278 341 1351 pharisei
363 1282 393 1337 et
412 1275 559 1350 pontifices
578 1278 730 1349 potiorque
750 1293 818 1350 pars
838 1277 936 1351 populi
951 1276 1064 1335 ludaici
1087 1276 1234 1335 unanimes

61 1388 144 1443 erant
159 1384 287 1442 etmulti
301 1383 360 1456 alii,
382 1383 486 1455 quibus
500 1382 575 1440 forte
590 1383 665 1441 idem
681 1383 791 1440 enimus
807 1383 837 1441 in
851 1399 904 1441 soa
919 1398 1006 1440 causa
1020 1387 1092 1453 erat,
1115 1382 1147 1440 in
1161 1380 1234 1438 mbe

61 1487 258 1560 Hierusalem
286 1504 385 1547 uerum
412 1487 451 1546 ad
479 1487 611 1561 exignum
633 1487 714 1546 illum
735 1503 850 1561 gregem
872 1489 902 1546 in
926 1486 1039 1546 Christo
1061 1487 1234 1545 unanimiter

63 1598 269 1667 congregatum
288 1593 368 1652 venit
386 1592 504 1665 spiritus
523 1598 647 1650 sanctus.
678 1592 744 1650 Non
763 1593 839 1650 enim
858 1593 949 1651 omnis
964 1593 1032 1651 unio
1047 1590 1110 1649 Deo
1129 1590 1233 1663 placet,

63 1697 112 1757 sed
127 1713 163 1756 ca
177 1701 299 1770 tantum,
323 1713 386 1770 qne
402 1697 533 1756 consistit
548 1701 577 1755 et
591 1702 635 1755 est
649 1698 679 1754 in
699 1698 885 1756 unanimitate
905 1697 936 1754 in
951 1696 1064 1754 Christo
1079 1695 1159 1768 lesu,
1181 1711 1234 1753 nec

63 1802 215 1876 quicquam
229 1799 299 1860 facit
313 1801 420 1861 adhoc
434 1802 507 1860 elias
522 1801 665 1860 somniare
680 1802 809 1862 uniones.

147 1906 261 1967 Eadem
276 1906 342 1965 duci
356 1908 494 1966 Mauritio
508 1906 607 1966 oblata
622 1913 666 1965 est
681 1910 780 1967 nostro
796 1906 909 1964 nomine
925 1905 1104 1977 snpplicatio.
1127 1905 1233 1962 Verum

61 2014 85 2073 is
99 2013 142 2071 ait
154 2017 295 2088 praesture
316 2019 349 2070 nt
363 2012 510 2071 archiduci
529 2009 668 2071 offeratur
687 2012 838 2083 scriptum,
862 2011 958 2082 quise
977 2008 1088 2067 facilem
1104 2008 1234 2084 prebere

62 2117 138 2176 velit.
173 2117 307 2178 Mamitii
329 2132 449 2190 operam
470 2117 553 2177 nobis
575 2133 632 2175 non
654 2116 825 2175 defuturam.
865 2113 923 2172 Sed
945 2119 1042 2173 manet
1064 2113 1235 2188 pervulgata

62 2221 217 2280 sententie:
240 2221 324 2281 Vana
338 2226 382 2280 est
396 2221 474 2280 salus
488 2221 525 2280 ab
539 2222 662 2280 homine.
687 2221 731 2280 Tu
746 2220 837 2279 nostri
852 2220 1015 2293 recordere,
1031 2218 1181 2277 altissime!

149 2325 228 2385 Nota
247 2325 284 2385 de
304 2326 448 2386 discordia
469 2326 641 2399 Milchlingii
660 2331 690 2384 et
708 2325 815 2384 Lindii.
852 2324 985 2383 Liberius
1006 2330 1137 2397 aegrotat,
1161 2324 1235 2381 ulter

63 2446 175 2490 morsus
189 2429 255 2504 ulit,
278 2429 358 2491 Dens
372 2432 452 2489 norit
467 2437 609 2489 eventum.

150 2534 262 2595 Eadem
282 2537 360 2594 venit
380 2537 553 2595 secretarius
574 2535 811 2594 Monasteriensis
832 2532 955 2592 afferens
977 2549 1035 2604 eas,
1061 2548 1125 2605 que
1147 2533 1236 2590 inter·

62 2645 154 2715 cepta
174 2612 354 2712 videbantur,
377 2639 486 2712 literas,
511 2656 574 2712 quae
596 2641 707 2697 incuria
726 2638 884 2697 scribarum
901 2639 962 2710 jem
980 2635 1042 2694 fere
1061 2634 1235 2708 septimanas

64 2746 189 2818 quinque
205 2760 365 2818 suppresse
384 2743 507 2804 fuerant.
539 2745 655 2818 Injunxi
673 2759 743 2816 ergo
765 2742 929 2816 secretario,
954 2745 986 2800 ut
1000 2740 1116 2814 presuli
1131 2739 1234 2797 rescri-

64 2850 155 2922 beret,
177 2847 249 2907 mihi
268 2864 327 2907 non
346 2848 437 2909 videri
458 2867 494 2908 ex
511 2865 544 2907 re
563 2847 633 2923 fore,
658 2855 690 2906 ut
705 2849 734 2905 in
755 2846 810 2906 hoc
825 2848 940 2920 negotio
956 2863 1008 2918 per
1023 2861 1068 2902 me
1084 2845 1235 2917 quicquam

64 2958 209 3028 ageretur,
231 2952 319 3026 idque
339 2955 516 3027 potissimum
538 2954 649 3012 duabus
672 2953 835 3027 decausis,
860 2969 917 3010 nne
939 2950 1018 3023 quod
1039 2956 1151 3022 tempus
1172 2948 1234 3007 diu·

64 3059 154 3116 tinum
168 3056 378 3129 intercessisset
392 3063 422 3116 et
435 3074 481 3116 me
495 3059 594 3132 lateat,
618 3075 686 3115 num
706 3059 818 3117 interea
837 3056 973 3128 temporis
993 3055 1049 3112 huc
1069 3036 1149 3111 aliud
1168 3068 1234 3126 per-

65 3146 203 3237 scriptum
217 3161 299 3219 sitin
313 3177 401 3220 cause
414 3161 478 3234 hac,
502 3180 540 3221 an
554 3179 648 3235 secus;
673 3164 766 3222 altera
785 3162 863 3235 quod
883 3161 969 3218 sciret
987 3174 1039 3216 nos
1060 3157 1184 3215 nondum
1206 3156 1235 3213 in

63 3268 193 3341 gretiam.
202 3265 240 3324 ab
256 3266 429 3338 imperatore
444 3273 583 3340 receptos.
608 3268 658 3325 Sin
673 3283 741 3327 vero
755 3267 859 3325 iterato
873 3266 1022 3337 episcopus
1035 3260 1113 3319 aliud
1124 3259 1234 3333 jubeat,

64 3388 107 3431 me
122 3370 162 3432 ed
176 3373 274 3430 omnia
287 3375 429 3444 paratum.

152 3474 214 3537 Sub
234 3479 346 3534 noctem
365 3492 463 3535 rumor
478 3476 611 3535 subortus
632 3481 675 3536 est
694 3476 724 3533 in
745 3475 853 3534 aedibus
874 3472 1071 3544 landtgraviae‚
1094 3470 1236 3528 loannem

39 3594 49 3609 “
67 3578 182 3640 fratrem
197 3581 377 3640 vulneratum
393 3596 465 3652 esse,
489 3580 541 3639 scd
561 3596 626 3638 mox
640 3581 782 3639 Joannem
801 3579 931 3637 comitem
952 3575 1132 3648 aRethberg
1152 3590 1235 3647 ape-

56 3683 170 3744 ‚ditibus
185 3683 339 3743 nonnullus
354 3689 384 3742 et
398 3684 514 3743 brachio
530 3691 559 3743 ct
573 3702 657 3744 manu
673 3687 867 3757 vulneratum,
892 3686 1067 3754 compertum
1082 3684 1134 3738 est.

25 3804 31 3865 l
150 3789 288 3862 Exigitur
302 3806 432 3847 nummus
447 3789 484 3848 ab
499 3790 627 3862 imperio,
638 3796 666 3848 ct
681 3789 784 3847 dicitur
799 3788 836 3846 ab
851 3789 994 3860 aliquibus
1008 3789 1109 3842 contre
1123 3781 1237 3840 interim

69 3890 134 3952 illud
148 3897 340 3966 protestatum
355 3911 427 3953 esse.
506 3946 509 3951 .

152 3999 200 4071 xxj
218 3999 368 4072 intemplo
383 3999 512 4058 Mauritii
528 4000 555 4058 d.
571 4000 697 4058 loannes
713 3998 855 4055 Henricus
878 3995 1061 4053 concionatus
1077 3995 1129 4062 est,
1154 4006 1235 4062 repc-

41 4124 45 4129 ·
74 4105 129 4160 tens
151 4119 196 4177 ea,
220 4118 285 4176 quae
306 4119 342 4163 ex
362 4082 425 4175 cap.
448 4103 487 4176 xij
509 4105 635 4177 epistole
657 4105 695 4162 ad
715 4103 857 4162 Romanos
880 4098 1025 4168 decuerat,
1050 4111 1083 4152 ac
1105 4094 1238 4168 preelegit
