2678 4546
82 287 172 330 urum
184 287 244 330 una
258 272 404 346 prendebat
418 282 532 331 centnm
546 280 576 332 ot
590 274 710 348 triginta
725 290 846 349 aurcos,
868 277 963 337 altcra
978 286 1130 340 coronatos
1144 288 1224 343 octo·

82 382 130 434 uta
142 382 271 450 quatuor
285 384 316 436 ct
328 378 513 436 semuncinm.
544 376 620 435 Nam
640 380 775 452 pecnnia,
798 395 863 453 quie
883 398 901 441 e
920 383 1104 458 Noriuherpa
1124 388 1223 446 reuire

82 481 186 554 heht,
207 482 339 541 noudum
356 483 446 540 allata
467 490 540 541 crat.
571 483 610 541 Et
629 483 706 540 ultra
725 484 773 540 lic
795 492 924 559 sumptus
945 485 1043 547 fucere
1060 490 1164 549 multas
1183 491 1224 549 oh

164 587 377 645 incommodum
392 594 465 644 erat.

135 690 165 746 A
184 690 310 763 pnndio
330 692 463 749 comitem
484 691 667 749 llilhclmum
695 692 795 757 inuisi,
822 695 918 751 omnia
946 700 976 753 et
999 702 1031 753 ιιι
1055 695 1221 757 acciderant

82 793 206 853 ⁸ordine
225 793 356 853 referens
377 804 407 854 et
430 812 517 868 super
539 797 604 854 aliis
628 796 691 867 ejus
714 796 864 854 consilium
887 798 983 855 audiui
1005 799 1155 872 obtuliqua
1177 802 1221 859 illi

82 915 161 957 uum

133 1003 247 1061 Deinde
260 1002 415 1074 hospitium
430 1003 563 1063 electoris
577 1005 751 1064 marchionis
766 1007 910 1063 transiens
919 1008 1219 1079 opportuuomarchio

82 1105 168 1164 imum
182 1122 201 1164 e
215 1106 302 1166 domo
316 1110 463 1167 senatoria
477 1115 629 1167 revertens
644 1109 721 1167 ardes
736 1111 835 1167 intrat.
859 1111 1033 1169 Subsecutus
1047 1112 1145 1183 itaque
1160 1112 1218 1170 Lu·

82 1212 181 1269 rifium
195 1214 317 1270 conveni
332 1218 362 1270 et
375 1218 408 1270 ut
422 1214 581 1271 marchioni
600 1229 665 1270 mco
684 1215 798 1272 nomine
819 1216 928 1287 gratias
948 1223 1063 1287 agcrct,
1083 1216 1144 1275 sire
1163 1232 1218 1289 pro

82 1316 316 1399 >interuenisset
329 1317 389 1376 siue
403 1334 471 1376 non.
501 1318 577 1375 h'am
588 1320 649 1391 jam
664 1318 735 1376 udril
750 1321 812 1391 spei
827 1319 863 1377 do
878 1335 913 1377 ea
927 1336 960 1376 re
975 1319 1128 1390 reliquum.
1159 1322 1216 1379 l'e·

82 1437 107 1477 m
120 1436 160 1478 ue
174 1426 349 1492 ginnaretur
363 1423 381 1480 a
395 1421 559 1479 marchione
575 1422 699 1493 discere,
720 1424 745 1479 si
766 1423 962 1481 intercesserit
981 1438 1019 1480 au
1038 1439 1135 1496 secus,
1158 1440 1217 1496 quo

82 1523 179 1583 herem
194 1525 274 1596 quod
287 1526 463 1599 principibus
478 1533 508 1585 et
521 1527 671 1585 comitibus
688 1526 726 1584 de
739 1527 916 1600 Henueberg
930 1527 968 1585 ad
986 1528 1095 1599 scripta
1115 1543 1216 1585 eorum

82 1628 220 1703 pondere
233 1646 357 1703 possem.
387 1631 538 1689 Allocntus
553 1648 616 1689 snm
630 1646 745 1702 quoque
763 1630 883 1689 iraham
903 1648 1068 1704 gernmuum
1088 1632 1214 1691 Atrchu·

143 1750 253 1807 rogans
268 1736 344 1793 inter
358 1741 464 1807 cetera,
482 1743 514 1795 ut
528 1735 634 1794 iratres
647 1751 727 1793 meos
742 1735 952 1794 commendatos
968 1735 1044 1807 apud
1058 1742 1171 1808 patrem
1185 1741 1216 1795 ot

82 1842 164 1898 ‚trem
177 1856 263 1897 suum
276 1841 428 1912 praesulem
443 1840 573 1899 haberet.

128 1943 243 2002 Eadem
258 1944 390 2017 quidam,
413 1945 491 2017 quod
506 1946 644 2004 incestum
668 1963 731 2004 cum
755 1961 893 2019 germana
915 1959 1015 2004 sorore
1036 1945 1133 2002 uxoris
1153 1959 1214 2003 sua

82 2047 227 2118 umiaerit,
242 2051 298 2121 pro
311 2046 376 2106 foro
391 2054 421 2106 et
435 2050 523 2121 uirgis
537 2066 628 2109 caesus
643 2059 673 2111 et
687 2052 802 2109 civitate
817 2050 949 2122 Augusta
963 2048 1072 2120 ejectus
1087 2056 1140 2108 cst.

127 2152 242 2210 Eadem
268 2151 490 2224 Christophorus
508 2153 568 2212 dux
586 2161 616 2213 et
636 2172 731 2214 comes
753 2171 772 2213 a
793 2154 993 2226 ll'irtenberg,
1017 2154 1066 2225 qui
1086 2168 1212 2226 quoquo,

82 2257 239 2315 m‘veuiam
262 2271 406 2314 aoaesarc
429 2266 570 2331 peterem,
594 2261 700 2333 astitit,
723 2259 790 2317 hinc
808 2256 893 2331 abiit,
915 2275 972 2316 non
987 2258 1065 2315 omni
1078 2273 1114 2316 ex
1127 2263 1213 2331 parta

82 2374 103 2419 ι
116 2362 216 2435 gratia
230 2361 372 2418 dimissus.

124 2465 241 2525 Eadem
255 2466 386 2524 omuibus
401 2467 590 2526 creditoribus
611 2468 691 2526 ducis
713 2467 845 2526 Otthonis
866 2466 985 2524 ilenrici
1005 2465 1130 2523 Palatini
1150 2465 1215 2524 dica

82 2570 198 2629 ntituta
216 2575 293 2642 erat,
318 2570 420 2641 quibus
435 2570 497 2627 haec
512 2570 569 2629 dno
584 2572 700 2629 caesaris
716 2571 831 2629 nomine
846 2570 1089 2643 proponebantur.
1114 2569 1212 2627 Primo

82 2674 190 2748 'uipsia
203 2675 416 2748 expostulatum
432 2682 488 2747 est,
505 2675 582 2747 qnod
596 2692 648 2733 suo
664 2692 722 2733 aere
738 2674 934 2733 Palatinatum
949 2677 1127 2731 onerassent.
1152 2671 1212 2731 De
1262 2725 1266 2733 .

82 2776 146 2839 bu
159 2779 214 2852 qni
229 2784 336 2851 essent,
353 2779 402 2850 qui
416 2776 564 2837 dimidium
580 2779 757 2853 depromptu
772 2778 901 2851 pecuniae
917 2777 1047 2849 accipere
1062 2776 1177 2849 uellent,
1192 2790 1212 2834 a

82 2860 229 2959 mrim
244 2898 378 2940 oaesareae
392 2884 549 2955 majestatis
565 2899 628 2942 eam
643 2884 814 2957 reciperent.
846 2880 897 2939 Sin
916 2896 985 2939 uero
1005 2881 1068 2938 haec
1088 2879 1135 2938 via
1154 2879 1212 2938 illis

82 2978 247 3061 *modim
260 2987 422 3057 uideretur,
445 3000 580 3046 caesarem
595 3004 745 3060 passurum
760 2991 793 3045 ut
808 2987 897 3058 injus
913 3001 931 3042 a
950 2984 1143 3043 creditoribus
1161 2998 1212 3043 vo·

92 3072 95 3077 ¹
153 3134 162 3151 .
195 3090 295 3149 Durus
310 3097 375 3149 erat
388 3092 413 3149 is
432 3092 622 3150 oreditoribus
644 3108 753 3164 sermo,
780 3106 878 3148 verum
898 3090 1000 3163 religio
1021 3094 1065 3146 est
1083 3090 1154 3161 ipsis
1174 3103 1211 3147 uo

132 3212 254 3270 ¹rogans
267 3197 392 3268 imperet
406 3211 469 3267 quae
485 3195 562 3253 velit.
592 3196 668 3253 Nam
683 3195 827 3253 Herbroto
842 3193 951 3250 consuli
970 3192 1045 3249 male
1064 3192 1125 3249 haec
1146 3190 1210 3248 alea

95 3374 99 3381 Ι
168 3348 178 3377 ,
203 3301 255 3374 qui
278 3315 343 3357 oum
364 3299 528 3359 Chambdim
549 3297 677 3372 fugeret,
701 3301 732 3357 iu
748 3298 849 3370 Scylloe
866 3300 1026 3355 monstrum
1041 3294 1155 3368 incidit,
1178 3299 1212 3352 ut

185 3404 294 3465 diuum
311 3410 364 3462 est.

107 3486 387 3573 ‘Schwartzeustein
410 3509 509 3567 eadem
530 3509 576 3566 dic
597 3507 743 3566 uobiscum
763 3522 886 3579 pransus
908 3510 962 3563 est.
993 3503 1020 3563 Α
1040 3517 1122 3560 ooeua
1142 3499 1209 3560 Gla·

96 3600 99 3607 ¹
129 3626 188 3676 uus
203 3613 327 3672 inuiaiit.
352 3613 439 3670 Venit
452 3612 490 3670 ad
504 3610 657 3684 hospitium
674 3618 802 3671 nostrum
818 3615 847 3669 et
861 3608 1051 3684 wolfgangus
1065 3621 1158 3665 comes
1173 3604 1211 3663 ab

123 3724 134 3735 ‘
185 3764 196 3794 ,
222 3718 316 3791 magia
330 3722 364 3774 ut
378 3716 455 3789 apud
474 3717 616 3789 hospitem
638 3717 729 3774 latens
750 3717 846 3773 vinum
866 3712 1050 3786 decoqueret,
1073 3724 1159 3782 quam
1177 3709 1212 3765 ιιι

130 3818 140 3841 ’“
206 3838 245 3883 ex
259 3826 362 3881 nostro
379 3820 514 3880 sodalitio
529 3821 737 3894 alloqueretur,
761 3821 828 3879 licet
841 3834 861 3877 a
875 3818 956 3878 nobis
971 3816 1010 3874 ad
1029 3827 1141 3873 coenam
1162 3823 1211 3867 vo·

161 4034 317 4093 hnoctem
331 4030 436 4104 hospes
451 4035 549 4089 noster
564 4045 628 4087 cum
646 4043 736 4086 uxore
756 4028 826 4085 mihi
848 4024 1077 4101 spoponderunt,
1099 4034 1130 4076 se
1151 4021 1209 4075 tre·

143 4138 232 4201 nobis
245 4122 376 4196 florenos
390 4139 488 4194 mutuo
504 4135 587 4205 dare,
611 4149 664 4193 nec
679 4148 727 4192 eos
743 4131 893 4204 quicquam
908 4129 954 4188 vel
975 4123 1048 4183 lucri
1069 4123 1114 4182 vel
1133 4136 1210 4181 emo·
