2678 4546
658 40 704 109 tr

105 226 187 282 hman
202 238 255 298 spe
269 222 341 283 lucri
355 228 386 285 et
399 237 436 283 ne
450 223 555 283 malam
569 221 693 284 Casama
708 226 830 300 gratiam
845 226 941 303 iniret,
960 230 1070 305 scribis,
1088 229 1271 307 pontificibus

102 334 125 387 st
136 329 284 403 pharisaeis
305 346 369 389 cnm
390 345 492 391 eorum
512 331 697 406 complicibus
719 346 828 392 morem
850 334 981 406 gesserit.
1020 335 1126 408 Quales
1146 344 1176 397 et
1195 354 1272 399 nunc

99 451 148 495 non
162 437 248 511 pauci
262 441 293 496 et
305 440 405 496 nestra
418 441 505 496 aelate
519 437 717 512 inveniuntur,
743 439 793 511 qui
807 452 910 498 asama
931 455 950 499 a
969 439 1023 500 deo
1044 440 1118 503 facie
1138 448 1168 502 et
1182 443 1270 504 corde

95 539 229 601 reboante
244 541 330 601 etiam
347 541 477 616 ipsorum
498 542 673 602 conscientia
692 543 821 615 praelatis
836 549 867 603 et
882 546 1107 621 potentioribus,
1126 548 1269 608 inhiantes

92 645 192 707 lucello
207 651 238 707 et
251 648 352 720 opimis
366 645 526 707 redditibus
540 662 650 721 eorum,
666 647 821 708 colludunt.
855 649 928 708 Item
943 651 1021 723 quod
1036 652 1147 711 Pilatus
1163 652 1267 713 Pbari·

92 767 213 811 saeorum
226 752 366 826 petitione
380 768 439 812 nou
454 754 545 827 gratis
564 756 735 828 assenserit,
759 755 833 813 sicut
847 770 902 813 nee
916 755 1017 829 vigiles
1032 757 1072 816 ad
1086 756 1268 832 sepulchrum

92 857 197 931 absque
210 859 332 932 pecunia
347 858 506 918 custodiam
520 865 651 933 egerunt.
691 859 781 932 Quam
803 859 840 919 eh
859 875 921 918 rem
940 865 971 919 et
989 861 1057 920 olim
1072 860 1222 923 Germanis
1236 865 1268 923 in

92 962 272 1037 ororerbiom
285 962 402 1024 abierit:
417 964 569 1024 Niemautz
584 963 677 1024 worth
692 961 742 1024 des
758 963 885 1039 heiligen
892 963 986 1024 Grabs
1001 965 1179 1027 umbsounst.
1204 969 1267 1042 Quo

92 1069 282 1143 rarspicacius
297 1066 413 1129 Christo
432 1068 604 1128 intentatum
619 1068 830 1128 Pharisaeorum
850 1069 1028 1130 mendacium
1050 1080 1265 1147 agnosceretur,

92 1170 164 1247 lixit,
182 1171 338 1248 discipulos
348 1189 405 1233 non
415 1174 544 1248 potuisse
558 1174 675 1247 quidem
689 1190 793 1248 corpus
811 1174 918 1235 domini
934 1176 971 1236 oh
981 1175 1148 1236 advolutum
1163 1193 1265 1239 saxum

92 1279 238 1354 epulcbro
259 1277 337 1339 furto
363 1277 487 1339 auferre.
524 1279 598 1338 Tum
623 1279 714 1354 quod,
741 1281 851 1340 etiamsi
875 1281 1032 1342 voluissent
1057 1281 1129 1341 illud
1152 1282 1264 1359 tollere,

92 1384 178 1444 armen
194 1401 256 1458 que
270 1392 445 1460 reponerent
459 1400 509 1445 eos
523 1401 582 1444 non
596 1384 740 1445 babuisse.
778 1386 890 1461 Tertio,
915 1386 1069 1461 discipulos
1088 1386 1162 1448 adeo
1176 1386 1266 1448 luisse

92 1491 277 1564 reticulesos,
293 1495 326 1549 ut
335 1489 450 1550 domme
465 1492 552 1549 etiam
562 1492 718 1563 praesentia
731 1506 784 1549 sua
796 1496 826 1550 et
836 1492 932 1551 multis
946 1493 1091 1551 miraculis
1106 1492 1192 1552 editis
1206 1493 1264 1553 illis

92 1595 323 1656 esurrectionem
338 1611 419 1654 suam
432 1595 575 1655 inculcare
590 1612 664 1672 pene
678 1595 761 1655 labor
780 1595 885 1671 tuerit,
906 1603 939 1657 ut
952 1598 1044 1671 liquet
1059 1613 1095 1657 ex
1109 1598 1264 1658 increduli·

92 1706 138 1761 ate
147 1700 274 1762 Th0moe
284 1706 338 1760 etc.
362 1701 460 1763 Pauca
472 1699 577 1775 adjecit
592 1701 628 1760 de
643 1700 739 1761 fructu
753 1703 974 1761 resurrectionis
984 1702 1092 1762 christi
1108 1709 1138 1762 et
1151 1709 1264 1764 tantum

92 1805 260 1881 riumphum
273 1803 354 1865 fideli
369 1811 400 1865 et
413 1807 532 1866 memori
546 1806 633 1867 corde
648 1807 752 1882 saepius
767 1808 896 1867 recolere
908 1808 1002 1880 jussit

167 1912 254 1972 Inter
269 1910 482 1972 obsecrationes
500 1912 555 1971 hoc
575 1912 644 1970 mibi
663 1912 765 1971 mirum
779 1913 809 1971 in
823 1912 939 1973 modum
961 1913 1074 1986 arrisit,
1099 1913 1177 1986 quod
1200 1913 1263 1987 qui·

92 2014 161 2092 lm,
182 2016 268 2090 cujus
282 2033 386 2076 nomen
402 2015 517 2077 domino
532 2021 630 2076 notum
645 2021 701 2091 est,
718 2018 760 2076 sic
774 2018 804 2077 in
819 2017 956 2077 schedula
970 2018 1111 2078 conscribi
1123 2019 1260 2094 jusserat,

93 2117 155 2183 ilar
168 2122 327 2183 nonnullos
341 2123 513 2182 simultatem
531 2123 682 2181 maximam
704 2120 835 2182 obortam
856 2138 933 2196 esse,
957 2139 1043 2182 unam
1064 2140 1134 2198 ergo
1148 2129 1261 2199 portem

96 2228 211 2288 eclesiae
231 2242 335 2302 preces
353 2228 407 2288 sihi
429 2227 556 2288 subsidio
577 2243 640 2287 esse
660 2231 778 2301 petere,
800 2243 857 2300 qno
878 2226 1008 2286 dominns
1028 2231 1109 2303 pacis
1129 2230 1262 2304 numque

99 2333 302 2395 molentium
323 2338 354 2392 ct
373 2333 471 2394 odium
490 2350 526 2394 cx
543 2333 639 2393 animo
660 2333 774 2406 eripere
794 2331 979 2409 dignaretur,
1002 2337 1035 2394 ut
1049 2335 1134 2407 juxta
1154 2333 1261 2395 Christi

99 2442 278 2513 leoeptum,
301 2437 377 2497 siam
388 2438 559 2497 christianos
573 2438 704 2497 homines
720 2438 818 2511 decet,
843 2437 1024 2497 concordiam
1044 2438 1118 2497 inira
1138 2443 1168 2496 et
1182 2444 1261 2512 posh-

99 2536 190 2603 hinio
204 2543 331 2601 invicem
345 2544 375 2601 in
390 2544 512 2617 gratiam
527 2543 623 2603 redire
638 2548 765 2617 possent.

168 2647 283 2727 Eadem
292 2648 420 2707 loannes
431 2647 541 2725 Haglrej
548 2649 720 2708 secretarius
735 2647 870 2706 comitum
886 2645 923 2705 de
932 2645 1009 2704 Hoia
1023 2646 1161 2719 collegam
1176 2629 1259 2704 suum

103 2748 191 2826 linos
210 2752 306 2827 misit,
329 2752 380 2826 qui
401 2752 484 2812 nobis
508 2752 631 2828 diceret,
654 2750 764 2825 siquid
783 2750 1203 2825 domumscriberevellemus‚
1228 2749 1259 2811 id

105 2857 163 2918 teus
174 2857 240 2919 fieri
255 2863 412 2933 oporteret.
451 2857 505 2918 Cui
524 2857 563 2918 ad
578 2856 720 2917 dominam
739 2872 851 2916 socrum
867 2860 896 2915 et
910 2872 1029 2917 uxorem
1049 2857 1149 2918 literas
1163 2854 1258 2932 perfe-

107 2963 188 3027 ludcs
203 2964 349 3038 dedimus,
365 2963 522 3023 honoratus
538 2968 582 3022 est
597 2979 615 3021 a
629 2962 710 3022 nobis
725 2963 836 3022 dnobus
851 2964 956 3022 aureis.

170 3069 281 3130 Eadem
295 3085 350 3144 pro
364 3084 503 3143 responso
518 3068 710 3127 sollicitatum.
740 3067 878 3125 Aetam
892 3072 988 3126 numm
1003 3066 1033 3125 in
1048 3065 1157 3140 palatio
1170 3065 1257 3126 Atre·

111 3176 217 3249 densis,
233 3173 285 3234 ubi
299 3173 448 3246 Italorum,
464 3174 657 3247 Hispanomm
672 3177 702 3231 et
711 3170 919 3231 Germanorum
934 3170 1040 3230 diversi
1056 3171 1257 3230 sollicitatores

113 3276 218 3356 lerant,
235 3258 399 3353 intorques
415 3279 501 3338 etiam
514 3277 699 3351 Bremenses,
723 3277 825 3349 quihus
840 3292 938 3336 omnes
952 3277 1029 3334 mala
1045 3275 1255 3349 minabantur,

116 3382 259 3461 ¹tissimum
274 3384 353 3458 quod
367 3385 500 3444 comitem
508 3382 657 3442 Albertnm
672 3380 856 3442 aMansfeldt
870 3382 899 3440 io
914 3397 967 3440 sna
981 3383 1052 3442 urhe
1067 3379 1193 3454 bospitio
1208 3395 1257 3439 ex-

118 3464 223 3567 puina
247 3490 353 3564 quihus
376 3488 588 3564 egredientibus
610 3503 646 3546 ex
660 3487 788 3547 conclavi
808 3487 935 3560 episcopi
953 3485 1042 3546 iacies
1063 3501 1162 3545 eorum
1176 3485 1256 3546 testi·

121 3584 177 3659 hia
193 3595 319 3670 dabant,
343 3611 430 3669 quam
448 3594 538 3654 amice
560 3593 598 3669 (si
619 3593 674 3652 diis
693 3590 798 3665 placet)
823 3590 861 3650 ab
881 3592 944 3665 ipse
958 3591 1067 3651 fuerint
1081 3592 1207 3666 excepti,
1231 3591 1257 3648 si

124 3700 165 3763 do
178 3701 274 3761 Plinio
288 3701 445 3775 credimus,
460 3698 584 3758 frontem
599 3704 629 3757 et
641 3697 749 3755 laetitiae
765 3703 794 3755 et
807 3696 930 3756 tristitiae
947 3695 1081 3757 indicium
1096 3712 1167 3756 esse.
1196 3692 1256 3752 Ad·

128 3810 294 3881 aequoque
308 3805 415 3866 ibidem
429 3802 621 3864 marschalcus
636 3801 672 3862 de
688 3802 863 3876 Scbemberg
878 3807 907 3861 et
917 3802 1089 3861 Franciscus
1105 3796 1255 3860 Corradus

131 3908 294 3986 saurgan.
333 3910 461 3971 Tandem
483 3915 549 3985 post
571 3909 710 3968 dindnam
734 3923 843 3966 moram
862 3907 1060 3967 Atrebatensis
1084 3904 1122 3964 ad
1142 3907 1256 3977 patrem

134 4014 272 4076 mduemm
286 4015 369 4090 adiit,
384 4014 457 4075 adeo
472 4020 568 4075 autem
583 4013 710 4086 nudique
725 4013 762 4072 ab
777 4012 830 4086 bis,
846 4013 895 4085 qui
909 4028 1010 4071 causas
1026 4026 1092 4068 suas
1107 4011 1253 4081 promotas

137 4120 221 4198 theut,
237 4122 364 4197 stipatus
378 4126 454 4197 erat,
475 4124 509 4179 ut
521 4118 652 4180 Eubulus
667 4117 792 4178 frontem
805 4115 963 4192 perfricare
977 4117 1130 4190 cogeretur
1145 4127 1180 4173 ac
1194 4112 1255 4186 gal·
