2678 4546
129 256 227 326 tenet,
250 248 340 311 credo
364 249 528 309 mutionum
551 249 755 308 amatorierum
774 262 832 306 nou
853 246 989 306 meminit.
1027 246 1073 305 De
1088 249 1196 322 scripto
1210 255 1305 310 tamen

131 345 351 431 supplicationis
365 358 514 416 internos
535 359 704 414 conventum
720 358 772 411 est.
810 351 983 411 Volebamus
1005 357 1035 410 et
1057 353 1195 426 palatium
1210 357 1303 415 erchi-

133 461 212 520 dueis
228 461 329 535 edire,
352 479 452 522 rerum
471 461 521 520 ubi
540 457 646 520 fratres
661 459 718 517 illic
734 456 822 516 luisse
838 457 1036 531 cognovimus,
1061 474 1304 532 supervacaneum

136 567 328 629 miuvarn
341 573 395 626 est

220 669 369 744 Georgius
385 671 568 744 ahlolshurg
587 671 618 727 in
641 669 782 728 dominico
802 667 971 741 Augustmo
993 684 1045 727 nos
1067 671 1215 743 reperiens
1234 686 1305 731 non·

134 777 209 836 nulla
224 775 261 835 ds
276 777 424 850 responsis
438 781 567 836 uestram
580 775 738 849 principem
753 773 989 833 concernentibus
1004 774 1121 848 detexit,
1143 775 1195 835 sod
1208 776 1305 835 omnia

133 879 191 939 iere
206 880 404 954 amphibolice
419 889 514 941 eraut.

219 985 334 1046 Eadem
348 986 518 1045 Franciscus
533 985 771 1045 hlonasterieusis
786 983 893 1056 prsesul
907 982 945 1041 ad
959 981 1101 1043 Joenuem
1117 990 1146 1043 et
1161 984 1305 1044 Eubulum

135 1093 251 1151 comites
266 1090 366 1149 literas
381 1091 476 1164 dedit,
492 1092 599 1150 certior
612 1088 676 1149 fieri
691 1089 808 1162 cupiens
823 1088 859 1147 de
881 1092 958 1148 statu
973 1105 1070 1147 rerum
1086 1097 1258 1162 nostrerum,
1275 1097 1306 1149 et

135 1211 229 1268 quem,
243 1194 437 1255 conditionem
457 1202 584 1255 nostram
605 1193 729 1267 doleret,
751 1192 928 1267 significans;
949 1195 1065 1254 iuterim
1079 1211 1111 1253 se
1125 1193 1257 1267 offerens,
1280 1197 1305 1252 si

135 1315 191 1373 qua
205 1301 254 1360 via
268 1300 331 1375 ipse
345 1316 397 1359 uos
408 1301 512 1373 jurare
525 1306 632 1375 posset.
669 1298 739 1358 Otto
752 1315 846 1358 comes
861 1317 879 1359 e
893 1300 1040 1375 Rethberg
1054 1301 1201 1360 uobiscum
1216 1317 1304 1374 pran-

135 1421 181 1463 sus
196 1411 252 1464 est.

221 1508 250 1568 A
264 1508 388 1583 prandio
401 1510 530 1571 Joauues
551 1508 643 1570 irater
666 1517 764 1570 noster
778 1516 808 1569 et
822 1511 967 1570 Adrianus
982 1526 1001 1568 a
1016 1509 1136 1569 Zertzeu
1151 1509 1305 1569 electorem

136 1609 307 1673 Mauritm
326 1614 448 1688 edeunt,
468 1619 606 1689 rogantes
626 1620 658 1673 ut
679 1632 730 1674 uos
754 1615 832 1690 apud
850 1631 1004 1675 caesaream
1026 1616 1205 1687 majestatem
1227 1630 1304 1675 com-

136 1718 286 1779 mendatos
301 1719 408 1780 habere
422 1720 523 1793 vellet,
551 1726 580 1779 et
594 1721 789 1794 intercedere,
806 1726 839 1779 ut
852 1721 897 1779 ira
912 1718 1035 1779 Caesaris
1050 1719 1080 1777 iu
1095 1736 1147 1778 uos
1162 1721 1306 1794 mitigare·

137 1829 191 1898 tur,
208 1824 358 1897 sicutipse
373 1823 527 1884 Meuritius
541 1831 628 1884 antea
641 1842 673 1884 se
687 1824 830 1884 iacturum
844 1829 1003 1897 receperat,
1019 1839 1082 1881 cum
1097 1823 1174 1881 idem
1189 1821 1304 1881 anobis

139 1933 293 1998 peteretur.
328 1928 366 2000 Is,
383 1934 415 1987 ut
428 1927 459 1987 hi
474 1927 530 1988 duo
546 1931 629 1989 uobis
643 1932 818 2003 retulerunt,
844 1945 875 1987 se
895 1927 1008 1988 facilem
1029 1929 1161 2001 prebuit.
1199 1928 1305 1986 Verum

139 2037 201 2106 post
219 2033 321 2108 longas
335 2035 494 2112 ,verborum
517 2034 650 2108 ambages
668 2037 763 2111 jussit,
788 2041 821 2094 ut
834 2050 918 2093 omne
938 2035 1084 2108 negotium
1108 2033 1214 2093 chartis
1229 2048 1305 2091 com·

141 2138 322 2197 mitteremus.
359 2136 433 2197 Nem
448 2139 534 2198 hodie
549 2139 586 2198 ad
600 2141 779 2214 vespertinas
794 2156 908 2213 preces,
931 2139 977 2199 vel
993 2139 1117 2198 crastino
1133 2139 1233 2197 saltem
1249 2153 1307 2198 une

143 2256 200 2302 cum
214 2244 369 2303 archiduce
382 2241 508 2302 Austrioe
532 2251 562 2305 et
582 2245 707 2304 electore
721 2245 1000 2319 Breudenhurgense
1020 2244 1113 2304 noemi
1126 2259 1215 2304 cause
1229 2242 1307 2317 apud

144 2345 281 2408 Gesarem
295 2349 469 2409 institurum.

92 2404 102 2539 i
159 2461 162 2468 '
224 2454 261 2513 In
279 2456 378 2530 vigilia
397 2458 577 2528 pentecostes
597 2455 627 2513 iu
650 2453 790 2513 dominico
812 2455 942 2513 canonici
964 2469 1043 2513 more
1067 2470 1120 2512 suo
1142 2454 1308 2526 reboeruut,

92 2542 103 2608 εἷ
147 2558 191 2619 sed
203 2561 252 2618 rix
265 2561 368 2634 viginti
391 2560 520 2618 homines
539 2555 615 2630 frugi
631 2574 730 2617 eorum
744 2557 915 2617 festivitates
937 2555 1167 2631 frequentarunt.
1197 2556 1308 2617 Eadem

92 2582 114 2761 ’λ
148 2661 295 2736 inporticu
311 2662 445 2723 dominici
458 2664 580 2724 vidimus
604 2663 746 2736 depictum
761 2663 943 2721 simulacrum
959 2662 1130 2722 ambitionis.
1169 2662 1244 2722 Erat
1257 2678 1307 2721 au-

97 2766 114 2814 fl
149 2769 197 2824 tem
209 2766 271 2827 fore
285 2768 425 2842 eiusmodi
440 2769 561 2841 pictura.
584 2768 673 2841 Virgo
690 2767 793 2825 buccas
808 2765 922 2826 inflatas
933 2773 961 2826 et
976 2768 1081 2827 rubeas
1095 2767 1213 2842 hebens,
1230 2773 1310 2826 veste

151 2870 259 2931 uohcei
273 2872 378 2932 coloris
392 2871 502 2946 induta,
523 2873 616 2944 capite
631 2871 717 2948 nuda,
739 2873 856 2932 caesarie
871 2870 946 2933 flare
960 2879 990 2932 et
1012 2875 1157 2945 crispante
1172 2874 1202 2931 in
1217 2873 1308 2932 cerri·

152 2989 202 3034 cem
214 2982 336 3051 retorta,
353 2978 443 3037 oculis
457 2977 583 3051 undique
597 2978 889 3050 circumspicientibus
909 2983 938 3038 et
952 2980 1022 3051 ipsis
1037 2977 1126 3052 limis,
1147 2978 1246 3037 subter
1261 2994 1308 3036 ar·

114 3152 122 3175 ¹
152 3077 239 3140 horem
253 3082 375 3157 sedens,
397 3083 482 3143 tibias
504 3086 534 3141 et
547 3082 705 3154 pedetenus
720 3080 811 3155 nuda,
832 3099 920 3158 super
933 3088 1020 3156 caput
1034 3084 1171 3156 scriptum
1186 3082 1311 3142 habebat

115 3182 123 3297 Ι
153 3185 262 3258 nouam
281 3194 312 3247 et
329 3186 483 3260 honorem,
508 3188 656 3259 eregioue
672 3191 768 3244 autem
783 3186 828 3243 sui
842 3187 960 3246 verbum
974 3187 1087 3246 Ambio.
1125 3187 1199 3244 Erat
1213 3189 1310 3244 eutem

152 3291 227 3351 mitra
249 3292 421 3366 episcopalis
441 3291 562 3364 alonge
583 3294 686 3366 posita.
725 3291 885 3351 Videbatur
907 3297 1002 3352 autem
1017 3292 1071 3352 hoc
1086 3291 1267 3351 simulacrum
1281 3289 1312 3348 id

152 3391 281 3475 deuotus
295 3398 380 3470 hujus
395 3397 531 3470 temporis
547 3400 579 3454 ut
593 3400 696 3456 vocant
711 3396 873 3469 spirituales
888 3397 959 3455 nihil
979 3396 1087 3457 ambire
1102 3401 1208 3471 precer
1223 3394 1310 3470 glori·

153 3511 190 3556 em
204 3505 234 3559 et
247 3502 387 3562 honorem
401 3501 499 3562 muudi
514 3505 543 3559 et
557 3500 732 3575 episcopales
748 3516 826 3573 opes,
844 3518 902 3561 uou
917 3517 1014 3574 opera.

228 3602 343 3668 Eadem
361 3607 475 3680 conjugi
496 3607 616 3678 hospitis
638 3606 772 3678 Magistri
792 3605 873 3665 Flori
897 3606 1081 3666 Marcellinus
1101 3621 1152 3664 sex
1173 3604 1311 3675 dedimus,

151 3724 200 3783 uuo
213 3711 380 3786 diligentius
395 3712 457 3785 eius
472 3726 570 3769 curem
584 3711 712 3770 baberet.
751 3710 826 3769 Nam
848 3714 877 3768 et
891 3727 964 3784 puer
983 3727 1097 3783 quoque
1112 3710 1222 3769 Liborii
1237 3722 1312 3764 mor-

149 3813 209 3875 bum
224 3818 321 3877 uescio
337 3833 422 3891 quem
435 3817 585 3876 inciderat.

229 3921 342 3982 Eadem
363 3921 506 3996 principos
530 3920 591 3980 fere
612 3918 709 3980 omues
731 3922 896 3980 cesarianis
916 3928 945 3980 et
963 3921 1051 3994 regiis
1073 3915 1201 3989 vesperis
1223 3914 1313 3972 iuter·

147 4023 232 4102 luere,
248 4029 339 4102 mogh
354 4027 529 4087 adulationis
545 4042 629 4100 quem
644 4027 803 4085 devotionis
819 4041 897 4099 ergo.

230 4132 342 4193 Eadem
356 4131 528 4207 supplicatio
542 4132 587 4208 (ut
601 4128 716 4204 vocent)
740 4135 839 4191 nostre
853 4129 973 4188 concilio
990 4125 1132 4199 imperiali
1147 4121 1245 4185 oblatu
1260 4109 1313 4182 est.

1048 4234 1065 4258 Η
1085 4230 1102 4258 x
