2678 4546
606 65 671 133 109

48 245 213 320 Respondit
225 245 447 308 atrebatensem
460 248 516 323 ipsi
532 247 617 307 hodie
631 265 684 323 per
698 267 818 323 puerum
833 251 1031 326 demandasse,
1047 251 1124 324 qnod
1138 251 1221 312 modo

49 368 107 411 non
121 357 206 412 vacet
220 368 286 412 eum
301 353 411 413 audine.
449 352 616 428 Opportune
631 362 727 415 autem
741 357 823 429 pueri
837 356 893 417 duc
908 357 982 417 alter
997 358 1119 417 alterum
1133 373 1220 416 cursu

51 458 214 530 prevenire
229 458 435 518 contendentes
457 456 583 532 Viglium
598 459 634 517 ad
650 461 764 520 missam
779 461 977 523 atrebatensis
992 469 1140 523 vocarunt.
1162 463 1220 521 lta·

10 595 13 609 ·
51 577 104 634 que
119 563 291 635 petitionem
304 568 432 622 nostram
446 563 621 623 iteravimus.

138 666 329 727 Wendelinus
343 668 421 742 apud
435 668 581 729 domorum
595 671 695 730 Hasen
709 669 773 729 fuit.
813 671 870 732 Sed
884 688 940 733 vox
955 678 1013 746 cst,
1036 677 1065 734 et
1078 677 1221 746 praterea

10 892 17 925 ·-
135 876 249 936 Eadem
263 877 383 939 Carolus
404 895 424 941 a
438 879 571 940 stockem
592 895 656 939 cum
678 879 828 940 comitibus
844 897 862 939 a
877 882 1018 943 Waldeck
1032 883 1071 943 ad
1085 885 1218 943 comitem

54 981 234 1042 wilhelmum
249 999 268 1041 a
282 983 397 1043 Nassau
412 1000 548 1057 pransum
561 984 642 1044 abiit.

134 1088 239 1147 Anum
261 1088 495 1162 quadragesimus
518 1105 605 1162 supra
630 1091 905 1163 sesquimillesimum
919 1093 1029 1166 agitur,
1066 1090 1144 1164 qnod
1159 1092 1217 1164 pri·

54 1208 122 1251 nnm
137 1194 216 1253 inter
231 1192 379 1253 cattorum
393 1195 537 1270 principes
553 1201 583 1254 et
597 1195 713 1256 comites
728 1212 746 1254 a
761 1196 874 1257 Nassan
896 1213 984 1273 snper
998 1199 1135 1256 comitatu
1150 1195 1217 1255 Cat·

52 1298 202 1360 tinelibcco
217 1300 265 1374 agi
279 1304 406 1376 caeptum
419 1305 472 1359 est.

134 1404 236 1465 Abbas
251 1422 270 1464 a
283 1405 433 1479 Kcmptem
453 1406 509 1478 ait,
532 1422 564 1466 se
586 1406 650 1479 plns
669 1406 747 1465 mille
768 1408 939 1466 rusticorum
954 1408 1074 1481 habere,
1100 1408 1149 1481 qni
1164 1423 1216 1465 nn·

51 1524 132 1584 quam
147 1508 273 1584 panibus
287 1527 324 1570 ex
339 1510 453 1584 siligine
467 1511 513 1570 vel
534 1511 629 1570 tritico
644 1511 689 1569 usi
704 1512 775 1585 sint,
798 1519 827 1571 et
841 1511 942 1572 habuit
958 1530 1014 1574 non
1030 1528 1118 1571 unum
1132 1512 1217 1586 hujus

50 1615 88 1674 rei
101 1612 162 1674 tide
176 1614 293 1689 dignum
307 1621 420 1689 testem,
436 1631 501 1674 cum
515 1616 597 1675 nobis
612 1617 724 1675 caetcris
739 1618 786 1676 vix
801 1616 936 1676 credibile
951 1618 1105 1678 videretur.
1126 1616 1215 1690 Adje-

48 1720 84 1778 cit
95 1736 167 1779 vero
182 1722 245 1794 ipse
268 1723 345 1781 inter
358 1721 412 1782 hos
426 1721 579 1781 nonnullos
594 1737 667 1796 csse,
684 1738 804 1794 quorum
820 1723 908 1782 annui
922 1728 1078 1795 proventus
1093 1720 1131 1781 ad
1145 1737 1217 1780 ncn-

48 1830 146 1897 gentos
161 1816 216 1886 aut
228 1826 305 1885 mille
320 1842 423 1886 amcos
439 1825 671 1887 extenderentur.

133 1929 248 1990 Eadem
261 1928 320 1989 dux
334 1930 474 1992 Ernestns
489 1933 594 2007 petitas
609 1931 720 1990 litteras
736 1931 818 1990 nobis
833 1931 918 1989 misit.

132 2035 301 2096 Jcachimus
316 2034 603 2111 Brandenburgensis
623 2037 731 2096 elector
745 2036 916 2095 Michaclcm
936 2036 1017 2094 illum
1031 2041 1215 2108 personatum

49 2140 246 2201 sidoniensem
264 2142 428 2216 episcopum
446 2143 600 2201 maltorum
618 2141 831 2200 mendaciorum
847 2146 876 2199 et
896 2140 971 2214 quod
985 2156 1086 2198 zonam
1102 2139 1214 2212 agiliter

48 2246 215 2305 bansilierit
229 2247 360 2319 convicit,
376 2261 428 2305 nac
442 2247 673 2320 archiepiscopus
689 2246 866 2307 coloniensis
882 2246 1018 2306 Michacli
1036 2244 1170 2319 praesidio
1184 2245 1214 2303 in

47 2349 177 2410 omnibus
192 2366 256 2411 csse
269 2352 370 2411 voluit.

132 2455 312 2517 coloniensis
328 2457 365 2516 de
378 2456 486 2530 scripto
501 2459 644 2516 uxorculae
660 2457 737 2531 apud
751 2456 919 2515 Anaxonem
935 2461 1107 2528 conquestus
1122 2457 1174 2512 est.

18 2604 24 2611 -
130 2550 245 2643 Eadem
270 2560 492 2634 christophorus
514 2562 573 2620 dux
599 2579 618 2621 a
644 2559 830 2634 Wirtenberg
857 2566 887 2618 et
912 2575 1006 2618 comes
1021 2559 1211 2632 Montispelli·

10 2674 24 2705 Ῥ
40 2668 123 2729 cardi
136 2667 330 2742 qnadraginta
343 2666 486 2753 equitibus
501 2668 707 2727 concomitatur
721 2665 776 2724 huc
791 2665 941 2725 advenisse
957 2663 1115 2723 dicebatur.

131 2772 296 2846 Stephanus
317 2772 444 2832 medicus
464 2788 499 2830 ex
513 2770 610 2831 Breda
630 2788 693 2829 curn
713 2773 751 2831 ab
765 2770 895 2830 Adriano
918 2770 1073 2829 aZertzen
1088 2770 1211 2828 interro·

10 2942 14 2977 Ι
34 2883 174 2953 geretur,
199 2879 346 2952 cujusnam
360 2875 428 2936 fidei
443 2882 528 2950 esset,
548 2877 709 2950 respondit:
748 2878 819 2937 cras
834 2876 887 2937 tibi
902 2875 1092 2949 respondebo,
1110 2879 1212 2934 notans

10 2986 24 3109 f
36 2974 271 3058 interrogantem
285 2983 315 3041 in
330 2998 363 3042 re
378 2982 470 3040 minus
486 2982 563 3040 seria
574 2983 683 3055 jocare.

12 3110 18 3125 ··
128 3088 202 3162 xxiij
215 3088 290 3161 Maji
310 3088 341 3146 in
362 3088 469 3160 templo
489 3087 631 3145 minorum
653 3087 680 3146 d.
697 3087 866 3147 Lecnardus
889 3102 924 3145 cx
946 3102 1008 3159 cap.
1029 3086 1150 3144 loannis
1176 3087 1209 3143 3:

22 3184 133 3253 'anet
147 3197 195 3252 est
213 3199 309 3253 autem
322 3192 533 3266 condemnatio,
550 3193 626 3266 quod
642 3192 691 3249 lux
711 3193 789 3251 venit
810 3192 840 3249 in
854 3190 990 3249 mundum
1005 3196 1034 3248 et
1048 3189 1212 3248 dilexerunt

104 3300 170 3357 ines
193 3297 285 3372 magis
299 3297 435 3357 tenebras
450 3312 537 3370 qnam
552 3297 652 3356 lucem.
690 3298 783 3356 Erant
803 3297 878 3354 enirn
900 3311 999 3354 eurum
1022 3296 1209 3367 malaopera.

115 3403 140 3460 's
155 3402 231 3460 enim
247 3403 294 3475 qni
310 3402 386 3461 mala
402 3403 470 3476 agit,
488 3403 549 3462 odit
563 3402 664 3476 lucem,
681 3418 733 3460 nec
748 3403 826 3461 venit
841 3403 879 3461 ad
894 3401 996 3473 lucem,
1011 3405 1044 3458 ut
1059 3399 1211 3473 conspicua

71 3516 75 3521 '
122 3504 312 3581 factaipsius,
328 3506 405 3579 quod
415 3504 737 3578 pchcumsiutiacta«
755 3512 819 3580 etc,
836 3507 941 3580 populo
957 3506 1140 3564 concionatus
1156 3511 1209 3578 est,

137 3627 173 3670 ns
196 3611 303 3686 primo,
327 3627 392 3683 quae
407 3610 469 3669 heri
485 3611 630 3685 docuerat,
653 3610 785 3669 nimirum
805 3610 882 3685 quod
896 3611 1015 3670 credens
1031 3627 1087 3669 non
1098 3610 1208 3683 judice-

85 3717 277 3792 ,incredulus
292 3713 545 3786 autemjndicatus
561 3717 606 3774 sit.
646 3716 737 3788 Quam
753 3722 848 3774 autem
869 3716 931 3774 haec
945 3716 1089 3775 sententia
1104 3714 1210 3773 Christi

73 3888 80 3893 ,
106 3822 146 3882 do
162 3838 220 3881 nou
235 3821 377 3894 arrideat,
398 3836 434 3879 ex
452 3819 507 3879 hoc
521 3825 635 3894 patere,
660 3819 837 3893 quodetiam
857 3820 990 3880 tenebras
1005 3819 1137 3894 amplecti
1152 3834 1210 3876 ma·

94 3906 99 3917 ’
137 3927 213 3987 Nam
233 3926 331 3986 Judvei
351 3925 507 3999 Jcanncm,
530 3924 697 3984 austerioris
717 3925 783 3984 vite
805 3927 911 3998 vuum,
932 3925 1033 3983 andire
1053 3921 1207 3994 noluerint,

99 4032 183 4092 ‘turn
210 4029 373 4091 hominibus
401 4036 618 4089 conversantem
650 4035 784 4102 tanquam
815 4030 946 4088 lucenam
974 4029 1126 4100 rejicerent
1154 4030 1207 4084 etc.

128 4136 206 4212 qnod
232 4135 452 4196 directissimam
472 4136 512 4194 sit
534 4135 733 4210 compendium
760 4135 826 4193 vitae
849 4140 963 4193 aeternae
991 4131 1208 4206 consequenda,
