2678 4546
678 39 741 81 1ἣῦ

125 199 194 260 flatu
215 217 267 259 sue
290 214 402 258 emnem
420 203 565 257 terrarum
587 197 686 258 orbem
707 199 793 259 etiam
815 198 901 258 hodie
917 201 1065 271 permovet
1080 201 1132 256 ete.
1173 196 1244 269 Qum
1259 197 1296 256 od

125 307 178 364 hoe
193 305 354 378 argumenti
368 302 522 378 iaciebant,
537 302 663 363 fideliter
679 305 775 363 docuit
790 308 844 361 ete.
875 303 939 360 Hoc
954 301 1173 375 epiphonemate
1188 318 1295 360 serme-

125 426 190 469 nem
199 409 348 467 claudens:
365 408 445 467 Sicut
455 408 526 467 nihil
536 409 690 468 viventium
706 411 736 467 in
750 410 805 467 hee
819 414 963 467 terrarum
977 406 1047 465 erbe
1062 408 1124 466 sine
1139 407 1297 480 spiratione

126 520 156 573 et
168 521 254 573 vente
271 529 356 587 agere
371 519 474 586 petest,
490 515 531 574 ita
547 523 576 574 et
590 532 642 574 nes
657 517 687 573 in
703 514 845 588 spirituali
859 514 922 572 vita*
941 529 978 571 ne
992 518 1167 572 momentum
1182 511 1297 585 quidem

125 620 171 679 vel
186 619 224 677 ad
239 618 313 677 oculi
327 619 414 677 ictum
430 621 490 677 sino
505 621 590 695 hujus
606 622 784 680 sacrosancti
799 621 918 694 spiritus
933 616 1033 677 afflatu
1048 625 1180 692 perstare
1195 634 1295 691 pessu-

125 745 202 801 mus;
225 730 329 802 jubens
351 731 447 803 itaque
463 729 555 786 Deum
578 735 690 801 patrem
711 744 763 800 per
780 725 924 784 Christum
945 739 1042 796 erere,
1065 729 1099 782 ut
1118 725 1202 808 nobis
1224 725 1297 783 hune

125 836 256 908 spiritum
274 835 452 907 paracletum
472 835 621 912 impartire
643 832 793 906 dignetur,
819 833 868 906 qui
884 848 935 889 nes
950 828 1074 890 vivificet
1088 836 1119 889 et
1132 835 1227 904 regat.
1265 830 1297 888 ld

123 940 206 999 uehis
220 946 336 1013 praesta,
354 955 371 997 e
386 946 478 1012 pater,
496 940 532 998 eh
548 937 638 996 tilium
652 944 732 996 tuum
748 939 892 1010 dilectum,
913 937 959 994 eui
974 937 1045 995 nihil
1059 951 1158 1010 negas,
1174 951 1295 1009 regnan·

124 1054 181 1106 tem
196 1053 291 1107 tecum
307 1063 371 1106 cum
386 1047 487 1105 eedem
502 1063 525 1104 e.
542 1046 645 1119 spiritu
660 1051 719 1105 tuo.
744 1044 843 1102 Arnen.

214 1153 336 1211 Domine
351 1151 447 1224 Deua,
470 1168 586 1226 magne,
610 1151 746 1210 terribilis
763 1155 792 1207 et
806 1148 904 1222 fertis,
927 1146 1003 1205 idem
1018 1163 1133 1221 quoqne
1148 1146 1295 1222 benignus,

124 1261 247 1318 clemens
270 1259 382 1332 patiens
403 1263 432 1316 et
451 1257 548 1315 multae
569 1257 791 1329 misericordiae,
821 1271 887 1313 ecce
910 1269 1007 1312 ceram
1026 1260 1056 1313 te
1077 1269 1142 1314 cum
1162 1258 1225 1314 tota
1247 1261 1296 1330 tua

126 1363 245 1422 ecclesia
261 1380 317 1421 nen
333 1364 417 1422 aliter
433 1379 466 1421 ae
480 1363 547 1420 elim
563 1364 685 1435 populus
706 1367 772 1420 tuus
788 1377 822 1419 ac
836 1376 911 1434 gens
925 1364 976 1418 tua
990 1358 1186 1418 Israel-cerda
1200 1365 1295 1420 nostra

126 1475 155 1528 et
169 1485 270 1528 manus
286 1474 399 1532 nostras
415 1467 611 1540 expandimus,
628 1484 678 1526 ere
694 1473 724 1526 et
736 1468 800 1525 imis
816 1464 1012 1540 penetralibus
1031 1463 1126 1523 eerdis
1141 1465 1295 1524 clamantes

125 1575 255 1647 Respice,
268 1574 390 1647 demine,
400 1578 429 1631 et
441 1573 576 1632 miserere
588 1575 689 1646 nostri,
705 1588 847 1646 pauperes
863 1572 983 1631 enimet
998 1571 1126 1644 despecti
1141 1585 1241 1630 sumum
1255 1571 1294 1629 ui·

125 1681 186 1739 mis.
211 1681 387 1740 Invenerunt
401 1680 476 1737 enim
492 1695 544 1738 nes
560 1679 781 1753 ingratitudines
797 1686 827 1738 et
840 1678 1006 1750 iniquitates
1015 1676 1294 1750 nostra,·d0ninan-

125 1792 173 1845 tur
188 1786 279 1845 nostri
295 1784 401 1844 domiui
416 1783 526 1856 absque
541 1788 579 1857 te,
595 1784 714 1857 impleta
729 1791 771 1842 est
787 1785 817 1841 in
831 1783 913 1842 nohis
929 1780 1110 1840 comminatio
1133 1785 1196 1854 tua,
1220 1797 1295 1856 gens,

125 1892 206 1964 eujus
222 1891 390 1949 catalectum
406 1906 464 1947 nen
480 1890 668 1963 agnoscimus,
686 1890 814 1962 possidet
828 1904 881 1947 nos
897 1893 1062 1960 uestraque,
1092 1902 1146 1945 uec
1161 1888 1232 1946 satis
1247 1887 1295 1946 de-

125 1997 227 2054 minari
242 1997 334 2053 nestri
353 1996 456 2068 habet,
482 1996 578 2054 sedet
599 2001 700 2053 saneta
715 1995 864 2053 conculcat
883 2001 934 2052 tue
948 2000 978 2053 et
992 1997 1099 2068 praeter
1115 2008 1200 2052 omne
1216 1993 1298 2053 dede·

125 2117 175 2159 cus
196 2101 226 2158 iu
247 2106 297 2160 tua
314 2100 493 2159 Germanica.
532 2099 556 2157 Ο
579 2101 702 2173 domiue,
724 2102 772 2160 vix
791 2105 876 2158 autea
897 2100 1052 2172 cogitatum
1076 2099 1153 2172 qued
1174 2099 1298 2172 quetidie

126 2206 277 2265 committit
291 2212 377 2264 ueetu
401 2205 507 2277 diuque
523 2206 645 2278 cogitat,
678 2206 725 2278 qui
742 2203 824 2263 riebis
839 2205 957 2265 verbum
975 2186 1057 2262 tuum
1065 2183 1187 2280 eripere
1201 2205 1297 2278 possit,

126 2308 254 2371 conflans
269 2311 454 2369 traditionum
469 2311 657 2374 humanarum
673 2316 818 2384 centenae,
835 2308 991 2371 obtrudens
1006 2325 1059 2382 pre
1074 2326 1150 2384 pane
1166 2310 1296 2369 cinerem.

125 2416 246 2476 Domine
262 2416 339 2475 Deus
355 2433 408 2475 nes
424 2414 537 2489 quidem
553 2417 640 2489 longa
655 2417 765 2489 majore
780 2415 825 2473 his
840 2416 997 2474 commeriti
1018 2431 1124 2474 sumus.
1158 2415 1219 2476 Sed
1232 2412 1298 2488 quid

125 2524 218 2582 honor
232 2528 297 2580 tuus
313 2528 341 2581 ot
357 2521 475 2582 verbum
499 2528 580 2581 tuum
601 2523 747 2580 innoxium
762 2538 780 2580 a
795 2521 899 2594 popule
923 2537 980 2579 neu
994 2525 1092 2578 sancte
1107 2519 1297 2594 blasphemari

125 2629 229 2687 meruit
244 2629 430 2701 praeeligente
452 2626 505 2704 (et)
527 2625 699 2702 praeferente
723 2625 838 2685 Christo
859 2633 945 2701 eaput
964 2643 1068 2686 nouum
1087 2626 1218 2685 ecelesia
1233 2632 1296 2696 tuoe,

125 2734 303 2791 meretricem
319 2734 356 2792 ad
371 2751 461 2806 aquas
477 2733 634 2805 Babylonis
652 2732 808 2791 sedentem.
842 2731 987 2791 Memento
1004 2731 1117 2791 demine
1132 2732 1296 2806 premissio-

127 2839 171 2896 nis
186 2844 243 2895 turc
259 2840 395 2910 antiquae,
413 2855 498 2910 quam
514 2839 625 2911 mystici
643 2838 685 2896 tui
701 2835 820 2895 Davidis
835 2838 941 2911 popule
956 2836 1100 2909 pollicitus
1116 2854 1162 2896 es:
1187 2836 1219 2895 Si
1233 2852 1295 2912 pec·

127 2941 255 3000 caverint
270 2942 320 2999 iiiii
337 2943 399 3015 eius
416 2943 445 3000 in
461 2959 520 3016 me,
543 2946 684 3017 corrigam
705 2958 754 3000 ees
775 2943 804 3000 iu
816 2943 933 3014 judicie.
958 2943 1190 3002 Misericordiam
1206 2949 1296 3003 autem

127 3063 217 3106 meam
232 3047 269 3106 ab
285 3048 325 3104 eis
341 3063 398 3106 nen
413 3045 550 3107 anferam.
592 3048 758 3132 Quanquam
781 3055 876 3106 eutem
896 3049 1059 3124 paucissimi
1077 3049 1225 3108 internos
1238 3049 1295 3107 hae

126 3155 291 3226 attendant,
315 3161 347 3213 tu
369 3159 465 3211 temen
488 3172 524 3213 ne
545 3154 669 3213 obdures
685 3152 773 3212 corda
789 3161 901 3226 nestra,
928 3154 978 3212 sed
998 3153 1034 3213 de
1054 3152 1155 3213 furore
1174 3155 1294 3215 iraetue

123 3261 279 3334 justissime
300 3259 416 3332 quidem
431 3259 579 3317 remittens
595 3260 622 3317 in
640 3258 740 3318 faciem
756 3257 863 3318 Christi
877 3260 920 3317 tui
934 3259 1055 3333 respice,
1083 3258 1211 3332 Voluisti
1224 3261 1293 3319 enim

127 3366 202 3424 hunc
216 3381 269 3438 pre
286 3365 366 3424 uehis
382 3370 411 3424 et
425 3366 512 3423 tetius
527 3364 624 3424 mundi
639 3366 763 3438 peccatis
779 3364 922 3422 victimam
937 3380 1009 3436 esse,
1030 3363 1220 3424 mediatorem
1235 3364 1291 3424 uui·

127 3487 189 3528 cum
206 3476 235 3528 et
249 3469 421 3542 pontificem.
460 3470 625 3530 Recordare
642 3470 718 3542 qued
734 3472 763 3526 in
786 3471 839 3528 hee
855 3468 915 3528 filie
930 3475 980 3528 tue
995 3469 1101 3529 dilecto
1119 3470 1236 3531 domine
1248 3484 1291 3529 ne

127 3581 187 3634 stre
202 3575 273 3634 lesu
288 3574 401 3641 Christe
417 3575 611 3633 remissionem
633 3580 813 3649 peccatorum
834 3592 887 3647 pro
903 3575 1014 3634 miseris
1029 3577 1161 3651 cupimus
1176 3577 1290 3646 demine,

126 3683 177 3740 sed
194 3681 231 3740 da
245 3682 350 3739 reuerti
366 3681 403 3738 ad
418 3687 447 3740 te
462 3680 561 3740 confisi
578 3664 691 3754 queque
708 3681 743 3739 de
758 3681 888 3741 bonitate
903 3688 954 3740 tua
965 3697 1070 3756 magna
1081 3697 1231 3756 speramus
1245 3695 1290 3740 nes

126 3788 161 3846 dc
178 3771 276 3846 eorum
291 3802 353 3845 esse
370 3802 504 3860 numero,
534 3787 571 3844 de
593 3787 694 3858 quibus
714 3784 790 3843 filius
808 3792 875 3845 tuus
895 3780 1064 3845 benedictus
1086 3788 1129 3846 ait
1143 3788 1182 3846 od
1197 3792 1226 3847 te
1239 3786 1288 3846 clt-

125 3907 216 3950 ruans:
240 3892 342 3964 Pater,
367 3909 420 3966 pro
437 3893 478 3950 eis
493 3908 561 3964 ere,
583 3898 611 3950 et
634 3909 690 3950 nen
706 3897 816 3951 tautum
837 3909 891 3965 pro
907 3895 962 3965 eis,
986 3891 1036 3951 sed
1051 3908 1107 3966 pro
1122 3892 1167 3953 his
1182 3893 1232 3966 qui
1245 3905 1289 3967 peu

125 3997 214 4055 verba
229 4013 326 4055 eorum
343 3997 372 4055 in
388 4012 432 4055 rue
447 3996 584 4055 credituri
599 4002 666 4055 suut
681 4003 734 4056 etc.
758 3997 876 4071 Aspiret
891 3999 972 4057 nebis
988 3997 1107 4070 spiritus
1123 3999 1216 4056 saneti
1229 4011 1287 4071 gre

126 4100 167 4161 tio
182 4105 211 4159 et
225 4099 307 4158 uehis
330 4099 413 4159 fidem
436 4101 597 4176 adaugeat,
621 4117 656 4160 ne
677 4117 767 4176 opera
786 4118 920 4162 manuum
942 4102 1097 4178 despicias,
1131 4119 1200 4165 euos
1222 4100 1287 4164 euin
