2678 4546
687 39 733 96 46

124 218 155 274 et
167 231 238 288 erga
251 219 330 272 suos·
359 211 423 270 Pax
438 209 544 270 christi
559 215 603 270 est
617 226 674 284 pax
689 211 727 270 ad
741 210 834 269 Deum
850 206 951 285 etpar
965 202 1207 270 conscientiarum
1222 224 1295 270 vera

123 319 231 378 laedtioe
249 319 281 377 in
296 315 419 376 christo.
458 316 550 389 Quam
572 315 660 390 igitur
679 332 744 375 cum
766 314 910 389 discipulis
932 316 1027 376 tenuit
1046 330 1157 390 pacem,
1180 313 1257 374 hanc
1269 319 1295 373 et

123 424 181 482 illis
196 423 275 482 dedit
289 427 319 480 et
332 422 457 496 reliquit,
474 421 526 481 sed
540 421 599 479 suis
613 422 734 494 tantumn,
760 424 793 479 ut
808 426 837 480 et
851 421 881 479 in
895 436 980 480 cruce
1003 425 1033 499 et
1047 421 1077 478 in
1092 425 1186 479 morte
1200 434 1295 493 pacem

126 530 188 602 ejus
203 532 311 585 etcum
326 527 388 600 ipso
402 504 556 586 retineant.
579 526 642 585 Pax
657 525 755 584 mundi
770 529 1022 599 quantumcunque
1029 522 1123 599 firma,
1134 525 1295 584 inconstans

126 638 178 707 est,
194 636 224 692 et
238 648 296 692 non
311 632 367 709 nisi
382 631 420 691 ad
434 630 607 704 impietatem
622 631 716 690 datur.
741 631 889 689 Praeterea
903 645 986 690 nemo
1000 645 1101 704 paoem
1116 629 1190 689 dare
1203 633 1296 703 potest

125 744 232 812 precer
254 753 342 796 uuum
356 736 449 796 Deum
471 743 582 811 patrem
605 741 633 804 et
647 733 738 794 filium
759 737 821 808 eius
835 735 936 795 desum
951 733 1104 795 ebdom.
1143 735 1296 796 Recensuit

125 842 219 902 obiter
232 841 331 901 mundi
345 841 489 901 turbidam
508 857 609 914 pacem
633 846 663 899 ct
677 840 912 915 ingratitudinem
933 856 1003 914 erga
1015 840 1107 900 bonos
1122 841 1202 900 viros
1219 841 1255 900 de
1267 856 1295 898 sc

126 948 232 1022 optime
246 947 374 1006 meritos.
397 947 471 1005 Esse
486 946 602 1019 quidem
616 947 666 1018 qui
680 946 710 1005 in
719 946 866 1005 heremum
882 951 911 1005 et
920 945 1051 1005 coenobia
1065 944 1223 1020 confugere
1236 961 1295 1020 pos·

125 1053 196 1127 siut,
216 1055 266 1126 qui
281 1056 377 1112 autem
391 1049 527 1110 mundum
542 1055 572 1109 et
585 1066 617 1108 se
632 1050 709 1123 ipsos
722 1052 887 1126 relinquare
902 1056 1024 1125 queant,
1040 1067 1205 1125 perpaucos
1219 1066 1296 1125 rope-
1331 1068 1333 1083 ¹

125 1159 187 1218 riri
217 1158 300 1216 Hane
314 1156 404 1230 igitur
418 1171 518 1229 pacem
533 1154 640 1215 christi
660 1172 712 1216 nos
727 1160 758 1215 et
772 1161 908 1232 expetere
919 1155 1006 1229 jussit
1021 1160 1051 1215 et
1065 1156 1188 1216 eandem
1202 1170 1296 1230 pacem
1331 1157 1333 1197 :

126 1264 258 1324 omnibus
272 1267 405 1335 precatus
421 1267 473 1321 est.
621 1334 624 1341 ἱ

215 1367 341 1441 Eadem,
362 1367 431 1427 dum
444 1366 527 1444 pueri
541 1367 572 1426 in
586 1366 715 1427 colliculo
734 1371 803 1426 ante
818 1365 894 1427 ardes
909 1366 1031 1439 hospitis
1045 1365 1139 1426 nostri
1155 1371 1186 1425 et
1199 1364 1295 1425 ludunt
1328 1374 1333 1412 1

128 1480 158 1533 et
171 1474 320 1545 cursitant,
334 1470 492 1532 infantulus
507 1471 624 1546 quidam
639 1488 655 1531 c
669 1488 751 1533 muro
766 1471 804 1532 ad
818 1469 983 1531 inferiorem
996 1471 1123 1544 plateam
1138 1469 1256 1546 decidit,
1270 1472 1296 1529 et
1327 1478 1333 1520 t

128 1577 275 1638 brachium
295 1581 325 1635 et
339 1582 426 1651 caput
441 1577 549 1636 Issum

215 1682 339 1742 Domine
353 1681 446 1756 Deus,
467 1679 544 1740 filim
558 1685 624 1741 tuus
645 1666 845 1741 dilectissimus
864 1681 902 1742 ad
915 1689 945 1742 te
960 1699 997 1742 ex
1010 1681 1066 1741 hoc
1080 1680 1189 1741 mundo
1204 1694 1297 1742 ascen
1326 1676 1333 1736 l

128 1787 198 1848 dens
213 1788 251 1848 ad
261 1803 327 1847 suos
337 1789 391 1849 ait:
407 1786 514 1846 Pacem
528 1786 659 1858 relinquo
673 1784 765 1861 vohis,
780 1802 881 1860 pacem
891 1803 986 1847 meam
1000 1787 1037 1848 do
1049 1785 1146 1863 vobis,
1157 1803 1217 1847 non
1231 1787 1298 1845 siout
1325 1794 1333 1856 1

127 1894 250 1954 mundus
266 1910 328 1952 eam
344 1892 403 1968 dat,
427 1908 480 1967 ego
496 1889 533 1951 do
547 1891 638 1951 vobis.
669 1891 740 1950 Haec
754 1893 843 1966 igitur
856 1893 946 1953 verba
959 1890 1012 1951 filii
1026 1893 1070 1952 tui
1084 1891 1299 1952 {admemoriam
1324 1890 1333 1949 ,Ξ

128 2002 295 2059 revocantes
318 1999 475 2072 piissimam
498 1996 701 2084 paternitatem
727 2002 806 2057 tuam
834 1998 1003 2072 suppliciter
1029 2011 1182 2072 rogamus,
1206 1986 1330 2073 pacem}

127 2108 215 2177 tuam,
227 2119 313 2176 qoam
323 2118 376 2177 per
386 2101 614 2161 incredulitatem
627 2107 657 2161 et
669 2103 849 2176 iniquitatem
857 2103 924 2162 rita
937 2103 1091 2177 amisimus,
1106 2103 1192 2164 nobis
1201 2101 1301 2162 reddat
1326 2092 1333 2147 Ἰ

128 2207 256 2268 Verbum
270 2212 350 2266 tuum
365 2207 447 2266 nobis
463 2206 601 2280 obtulisti,
617 2209 664 2267 cui
678 2224 775 2269 omnes
786 2209 951 2268 restitimus.
974 2207 1049 2268 Nam
1058 2223 1127 2281 pars
1138 2207 1217 2268 hanc
1231 2208 1303 2268 aslu-

128 2317 188 2374 tem
209 2317 336 2373 nostram
357 2313 544 2387 pertinaciter
566 2315 747 2388 repellimus,
776 2314 907 2373 nonnulli
927 2330 998 2375 uero
1020 2330 1056 2374 ex
1077 2314 1161 2373 nobis
1186 2312 1303 2374 vohun

129 2424 209 2477 tunm
224 2433 260 2478 ex
274 2420 331 2477 imo
345 2423 461 2494 pectore
476 2418 673 2492 amplectimur
693 2423 723 2478 et
741 2422 771 2477 te
786 2415 964 2479 confitemur.
1002 2417 1080 2477 Dum
1094 2420 1185 2493 igitur
1199 2419 1264 2479 sine
1275 2424 1303 2478 u

128 2522 209 2582 nulla
223 2524 306 2584 nobis
320 2539 390 2584 vera
404 2524 449 2584 vel
464 2526 578 2597 requies
597 2526 642 2583 vel
657 2541 715 2598 pax
730 2523 890 2597 contingat,
914 2539 967 2582 nec
982 2524 1020 2582 sit
1034 2523 1116 2597 aius,
1141 2525 1303 2597 quiveram

128 2645 228 2704 pacem
249 2630 319 2689 dare
339 2634 440 2704 queat,
463 2630 658 2704 redintegrato
680 2629 847 2689 indumine
868 2633 967 2688 nostro
982 2629 1054 2688 Jesu
1069 2627 1186 2689 Christo
1205 2610 1302 2704 paoem

130 2733 285 2808 nobiscum,
301 2750 387 2808 qnam
401 2735 523 2794 mundus
538 2733 607 2794 dare
623 2751 681 2794 non
695 2738 800 2809 potest,
815 2740 847 2794 ut
862 2735 901 2794 sit
914 2749 972 2809 pax
986 2734 1171 2792 conscientiis
1187 2733 1300 2805 nusum

131 2852 189 2910 quo
204 2843 233 2896 et
246 2845 276 2896 tc
291 2854 326 2898 ex
340 2843 402 2898 toto
417 2838 504 2899 corde
519 2854 617 2898 amare
636 2841 667 2896 et
683 2853 782 2912 pacem
802 2855 866 2897 cum
881 2841 1011 2914 proximo
1025 2840 1133 2899 habere
1147 2841 1300 2911 ualeamus,

132 2942 177 3001 oui
198 2958 262 3001 cum
284 2940 344 3003 filio
363 2943 509 3017 suspiritu
531 2949 630 3003 sancto
653 2944 745 3002 omnis
764 2949 908 3019 potestas,
932 2944 1081 3018 imperium
1104 2950 1135 3004 et
1155 2945 1249 3006 honos
1265 2944 1301 3003 uit

133 3063 208 3107 nunc
223 3055 252 3107 et
265 3049 295 3107 in
310 3049 485 3124 sempiterna
500 3047 605 3108 secula.
629 3048 729 3108 Amen.

220 3152 328 3214 Ultima
342 3153 450 3228 Aprilis
464 3155 495 3211 in
509 3154 616 3228 templo
630 3153 774 3213 Minorum
789 3155 867 3213 intra
882 3156 1011 3227 quintam
1026 3161 1054 3214 et
1069 3161 1205 3227 quartam
1219 3155 1300 3216 horu
1311 3154 1330 3179 '‘

132 3258 159 3318 d.
182 3258 367 3319 Leonardum
392 3275 429 3318 ex
453 3259 547 3334 capite
575 3259 650 3333 xxvij
673 3257 806 3317 Matthaei
828 3259 1064 3319 sermocinantem
1085 3259 1247 3321 audiuimus
1266 3258 1299 3320 ὁ

132 3363 227 3421 verbis
242 3364 453 3424 Pharisaeorum
473 3364 511 3423 ad
531 3363 656 3423 Pilatum
678 3362 716 3422 ob
736 3362 894 3423 custodiam
915 3364 1058 3438 sepulchri
1081 3365 1234 3440 dominici,
1254 3356 1333 3424 ruit·

132 3469 207 3526 inter
221 3469 333 3540 reliqua
347 3469 401 3542 ait,
417 3485 474 3527 non
490 3468 596 3527 debere
611 3469 693 3529 nobis
707 3469 811 3526 mirum
825 3468 929 3543 uideni,
946 3471 970 3529 si
985 3467 1022 3530 de
1036 3469 1120 3529 uobis
1135 3486 1194 3531 nou
1208 3466 1333 3533 enucl-

132 3586 185 3646 pro
200 3588 284 3646 aequo
303 3579 334 3632 et
347 3573 450 3632 decoro
474 3572 553 3649 (licet
566 3569 716 3647 inculpati)
740 3573 844 3634 alicubi
867 3589 1010 3650 essemus,
1034 3575 1217 3652 dicerentur,
1239 3564 1330 3634 ou*-

131 3678 193 3738 hec
210 3677 324 3738 domino
339 3676 508 3752 acciderint,
524 3684 554 3738 et
569 3678 780 3737 meminerimus
795 3696 861 3755 nos,
883 3683 933 3753 qui
949 3680 1055 3740 Christi
1069 3682 1186 3742 nomine
1200 3662 1315 3756 dm*

131 3800 204 3857 mur,
221 3783 375 3857 discipulos
390 3798 467 3854 esse,
483 3788 513 3841 et
527 3782 605 3855 quud
620 3782 775 3860 discipulus
790 3800 847 3843 non
862 3802 950 3859 supra
963 3787 1140 3860 maghtrum,
1156 3789 1204 3846 cui
1247 3785 1253 3800 '

131 3894 324 3964 postmortem
334 3889 483 3949 mendacia
497 3890 649 3964 intentant,
665 3890 781 3964 planum
796 3906 860 3949 eum
875 3897 905 3951 et
918 3892 1098 3952 seductorem
1112 3892 1293 3952 nominante·

132 3994 203 4053 ltem
225 3997 260 4055 de
282 3997 430 4054 commisso
445 3995 549 4067 Pilati,
573 3995 638 4068 qui,
659 3996 773 4054 tametsi
792 3997 982 4056 innocentiam
1005 3996 1111 4055 Christi
1129 3998 1221 4070 probe
1239 4004 1293 4069 pfl·

132 4107 257 4174 spectum
268 4101 402 4162 habuerit
413 4107 443 4162 et
455 4099 592 4161 iuvidiam
601 4115 699 4161 eorum
713 4101 901 4176 suboleverit,
915 4102 973 4164 imo
985 4118 1018 4163 re
1032 4102 1097 4177 ipsa
1110 4102 1291 4177 expetitum
