2706 4530
662 62 726 127 150

99 261 193 321 quam
207 247 345 310 hacteuus
360 246 483 319 contigit
496 244 598 303 barum
612 259 710 303 rerum
724 244 865 301 rationem
880 240 988 301 babere
1001 241 1105 301 velitis.
1138 236 1276 304 Consola-

105 355 153 410 tus
168 354 213 411 est
228 356 257 410 ot
270 349 319 408 bic
333 365 433 409 rursus
448 347 653 422 pusillanimes,
670 347 718 421 qui
734 347 829 406 dicere
844 352 974 420 possent:
995 346 1038 407 At
1053 362 1106 420 epo
1121 349 1210 406 miser
1225 347 1277 407 ho·

104 447 230 529 murcie,
254 455 303 528 qui
317 456 409 529 possit
421 457 632 528 preceptorum
647 451 754 512 Christi
768 470 787 536 a
800 451 1026 524 meobservatio
1041 452 1197 527 praestari?
1221 452 1277 512 Cu·

104 561 184 635 pias,
208 560 315 632 iuquit,
339 574 379 626 ex⁴
395 562 455 616 toto
475 557 563 616 corde
581 556 704 630 implere
717 561 753 616 'et
770 573 823 617 oro
837 548 944 637 Deum,
968 562 1001 616 ut
1021 571 1085 615 eam
1099 557 1277 617 voluntatem

103 662 160 725 tibi
174 662 336 737 confirmet,
361 668 391 722 et
405 677 492 738 opere
508 678 569 720 rem
584 649 709 736 aggredi
717 661 840 741 studeto.
878 658 918 720 Et
933 659 1013 718 Deus
1035 660 1220 737 voluntatem,
1244 667 1278 722 ut

105 767 164 828 dici
178 767 260 841 solat,
277 783 330 840 pro
346 782 433 840 opere
448 767 617 840 acceptabit,
634 772 664 826 et
676 766 701 824 si
716 767 821 841 septies
836 755 866 823 in
882 766 929 825 dic
943 765 1040 838 lapsus
1055 762 1155 838 fueris,
1178 783 1275 825 resur-

103 886 173 946 gere
187 885 307 943 conare,
329 871 409 929 Deus
432 871 507 931 enim
525 871 700 940 voluntatem
724 884 777 944 pro
793 885 880 943 opere
896 869 1065 943 acceptavit.
1102 869 1165 929 Nos
1180 874 1277 930 autem

102 975 270 1048 nobisipsis
286 968 442 1035 istomodo
468 991 527 1035 non
543 972 766 1047 satisfaciamus,
788 972 840 1031 sed
860 990 895 1033 ex
915 979 977 1033 toto
997 974 1084 1033 corde
1101 979 1130 1033 et
1144 975 1276 1034 omnibus

101 1079 211 1141 viribus
238 1079 366 1153 quotidie
392 1085 538 1153 praecepta
563 1073 669 1138 iibristi
692 1079 811 1152 implere
837 1067 1013 1137 studeamus.
1051 1079 1105 1150 Qui
1130 1096 1200 1139 vero
1222 1067 1275 1139 nos

101 1184 213 1257 amasti,
228 1183 364 1257 Domine,
390 1184 428 1244 da
441 1189 472 1244 te
485 1183 644 1265 redamare,
659 1188 782 1242 mentem
797 1198 910 1257 quoque
925 1188 955 1242 et
969 1184 1145 1242 voluntatem
1160 1199 1231 1257 erga
1245 1190 1275 1244 te

100 1293 225 1360 rectam,
246 1302 303 1361 quo
319 1305 369 1364 ea,
391 1305 454 1362 qum
469 1289 647 1363 praecepisti,
672 1303 760 1364 opere
774 1288 894 1360 implere
913 1286 1072 1361 valeamus,
1095 1292 1128 1346 ut
1143 1288 1275 1349 <Mundus

100 1407 258 1466 agnoscere
272 1395 379 1467 possit,
402 1393 476 1467 quod
493 1410 529 1451 ox
545 1393 697 1463 dilectione
720 1392 763 1452 tui
777 1391 913 1451 mandata
926 1397 978 1451 tua
992 1391 1185 1467 observamus,
1202 1410 1274 1467 quos

100 1496 138 1556 de
152 1498 290 1556 immensa
304 1495 433 1557 bonitate
454 1503 506 1578 tue
520 1499 627 1557 amicos
641 1488 745 1557 uocare
766 1496 900 1571 dignatus
922 1513 967 1570 es,
991 1512 1026 1555 ac
1041 1497 1123 1556 nobis
1138 1499 1273 1573 spiritum

99 1605 190 1660 tuum·
204 1582 233 1660 s.'
252 1606 281 1661 et
306 1600 412 1659 bonum
436 1618 490 1675 per
512 1601 656 1661 Christum
683 1602 783 1660 lesum
807 1600 952 1662 dominum
975 1604 1105 1660 nostrum
1131 1601 1273 1675 impartiri

63 1686 65 1689 ’
102 1705 183 1765 velis.

125 1857 131 1863 „
188 1810 299 1870 Eadem
315 1809 492 1870 Coloniensis
507 1809 545 1869 ad
559 1826 654 1870 arcem
668 1792 749 1868 suam
762 1810 889 1883 Veiberg
903 1809 982 1869 abiit.
1013 1808 1098 1868 Hunc
1114 1825 1204 1885 nepos
1219 1827 1270 1869 no·

99 1920 159 1974 ster
174 1915 288 1975 Samuel
302 1930 337 1974 eo
353 1915 520 1974 subsecutus
536 1920 589 1974 est.
719 1960 723 1963 .
827 1912 830 1913 ’
1069 1954 1071 1958 »

163 2016 166 2021 ’
186 2019 298 2079 Eadem
318 2035 411 2090 comes
434 2019 602 2080 Wilhelmos
623 2019 736 2078 litteras
758 2017 870 2078 Alberti
891 2017 1064 2077 marcldonis
1084 2034 1103 2076 ι
1121 2016 1272 2077 Brauden·

98 2124 175 2198 burg
187 2124 373 2187 Erauciscum
392 2139 410 2181 a
432 2101 545 2196 Dalnig
564 2127 767 2206 concernentes
787 2123 868 2182 nobis
888 2122 1060 2206 transmisit,
1079 2122 1125 2180 cui
1146 2138 1199 2195 per
1220 2121 1270 2180 Li-

98 2228 211 2288 borium
226 2226 341 2286 easdem
355 2228 467 2286 litteras
482 2227 623 2286 addentes
643 2229 753 2287 comitis
768 2226 914 2288 Wilhelmi
933 2227 971 2286 ab
990 2226 1166 2298 Henneberg
1179 2226 1270 2306 remi-

98 2331 196 2404 simus,
219 2331 338 2404 iusuper
353 2331 479 2405 Liborio,
504 2329 573 2404 quid
587 2339 686 2391 nostro
702 2332 816 2395 nomine
831 2348 849 2390 a
863 2332 966 2391 comite
980 2330 1133 2449 Wilbelmo
1146 2335 1270 2405 peteret,

96 2432 279 2510 indulgentes
298 2440 352 2495 ιιι.

186 2540 290 2609 Florus
306 2544 335 2598 ιι
349 2536 528 2614 Philippus-i
526 2539 629 2598 rater
620 2557 650 2598 m
665 2555 715 2598 rus
730 2537 838 2598 abiere.

184 2645 295 2704 Eadem
316 2660 370 2718 per
391 2645 514 2704 Moseou
536 2645 786 2707 Wormaciensem
806 2644 888 2703 nobis
914 2643 1049 2703 exhibita
1077 2649 1145 2702 sunt
1167 2643 1270 2701 uaeniae

96 2748 276 2808 conciliabuli
291 2747 463 2807 Tridentini.
494 2736 629 2805 Venimus
644 2754 673 2806 et
687 2735 787 2807 eadem
807 2748 845 2806 ad
864 2747 980 2823 fontem,
1005 2749 1055 2820 qui
1074 2755 1118 2807 est
1137 2749 1168 2805 iu
1189 2745 1270 2807 iussa

96 2849 177 2910 urbis
191 2850 328 2924 Augustae
344 2866 403 2908 uon
417 2852 517 2926 procul
532 2868 550 2908 a
563 2856 649 2924 porta
664 2858 770 2910 sanctae
786 2853 878 2911 crucis
893 2852 1061 2912 exeuntibus
1076 2852 1113 2910 ad
1127 2850 1268 2923 dextram,

97 2969 182 3026 quem
187 2955 401 3013 Maximilianus
417 2971 516 3026 caesar,
528 2955 570 3012 ita
582 2961 615 3013 ιιι
624 2956 775 3028 aliquoties
788 2971 825 3014 ex
838 2950 986 3034 conbibere
999 2957 1099 3016 solitus
1114 2957 1161 3031 sit,
1174 2957 1204 3015 in
1219 2957 1269 3016 de-

98 3056 172 3117 liciis
189 3057 299 3131 babuit,
323 3065 356 3117 ιιι
376 3064 500 3118 testatur
518 3060 676 3134 inscriptio,
700 3078 764 3134 quae
783 3050 907 3121 babetur
926 3063 957 3120 in
978 3076 1048 3120 saxo
1069 3060 1107 3121 ad
1128 3042 1270 3135 parietem

87 3154 194 3222 'fontis
904 3181 906 3186 ·

184 3266 244 3325 Sub
258 3271 371 3324 noctem
385 3238 519 3326 Liberius
539 3276 590 3329 not
577 3269 666 3329 tulum
685 3270 764 3328 illam
784 3230 987 3343 recognitionis
1007 3275 1037 3329 ιι
1056 3204 1269 3344 capitulationis

95 3371 323 3460 intercessorem
339 3376 368 3430 et
380 3389 426 3430 me
442 3346 556 3432 obtulit.
587 3374 627 3433 Et
646 3389 809 3467 quenquam
828 3389 881 3449 per
901 3376 1007 3447 sejam
1027 3380 1087 3434 tum
1101 3374 1185 3435 nobis
1200 3391 1267 3448 gra·

94 3454 210 3532 ιιιιιιιιιι
224 3475 287 3534 sisa
300 3475 351 3548 sit,
375 3482 472 3536 tamen
487 3478 588 3537 doctor
603 3478 705 3537 Seldus
719 3484 895 3552 protestatus
910 3485 968 3551 est,
992 3479 1017 3536 si
1031 3478 1077 3539 uel
1096 3494 1187 3537 caesor
1205 3479 1269 3553 ipse

94 3577 141 3637 vel
153 3577 353 3639 Atrebatensis
367 3577 509 3654 aliquam
524 3597 559 3640 ea
573 3583 710 3641 mutaturi
722 3583 791 3657 sint,
815 3600 879 3656 quae
898 3584 968 3643 mibi
987 3582 1118 3644 acerbius
1137 3583 1269 3642 videreu-

94 3690 152 3758 tur,
176 3700 213 3742 ne
229 3683 264 3743 de
278 3684 332 3744 boc
348 3684 463 3744 Seldum
477 3685 609 3743 incusare
624 3667 718 3744 velim.
1045 3743 1050 3761 ,

178 3773 306 3848 Domine
321 3789 412 3862 lesu,
424 3805 515 3862 angor
530 3805 549 3847 a
564 3789 673 3848 dextris
689 3796 719 3850 et
732 3798 896 3851 coarctata
916 3792 1048 3865 sinistris
1073 3791 1111 3851 da
1130 3790 1267 3851 resistere

94 3897 125 3952 et
138 3891 190 3953 ribi
206 3894 260 3953 soli
274 3892 375 3966 fidere,
399 3893 466 3951 anni
482 3893 557 3952 euim
571 3895 614 3953 tui
629 3912 689 3955 uon
703 3886 843 3970 deficient,
867 3896 956 3956 ceteri
970 3913 1068 3956 omues
1083 3899 1266 3970 quantumvis

92 4000 225 4069 potentes
245 4001 278 4055 ιιι
296 3996 495 4054 vestimentum
514 4000 710 4060 mutabuntur.
748 4001 772 4060 0
794 3982 846 4058 rex
865 4017 966 4075 regum
986 4005 1015 4060 et
1036 4000 1199 4061 dominator
1214 4002 1264 4061 do-

36 4120 38 4125 *
92 4100 178 4173 minc,
202 4100 318 4158 destrue
340 4116 452 4158 omnem
474 4108 645 4164 structorem
666 4111 696 4164 ιι
718 4102 907 4165 aedificantem
926 4123 985 4168 non
1005 4101 1157 4165 fundatum
1179 4122 1265 4180 super
