2678 4546
658 56 701 138 38

92 255 230 329 nmndb,
252 252 301 315 ubi
315 254 500 326 conqueritur
514 254 618 314 multos
634 269 710 328 esso,
733 253 783 325 qui
796 253 1112 326 parietesmarmoreos
1132 256 1259 331 exigant,

92 361 196 420 tltaria
211 360 330 434 gemmis
346 364 376 418 et
389 374 462 417 auro
477 365 589 433 ornent,
607 360 802 418 ministrorum
818 364 914 419 autem
929 359 1036 418 nullam
1051 357 1115 418 fieri
1131 360 1259 420 dilectio-

92 483 153 526 nem
169 471 226 524 etc.
249 464 285 524 Id
298 466 391 539 ipsum
406 479 521 537 quoque
530 463 678 522 Musonius
693 481 728 523 ex
743 465 805 524 aliis
820 470 934 538 patrum
945 464 1028 524 dictis
1039 463 1176 541 probans,
1192 481 1260 525 con-

92 587 229 645 puereus,
254 571 307 630 etsi
323 574 421 644 patres
435 585 495 628 non
509 569 540 628 in
555 569 685 628 omnibus
701 585 799 629 eornm
814 571 928 645 scriptis
948 570 1089 644 probandi
1108 571 1179 644 sint,
1203 586 1261 630 non

92 684 186 735 tamen
201 677 305 750 majori
321 676 470 748 diligentia
485 672 522 733 ab
537 672 710 733 adversariis
726 676 755 732 in
771 675 891 749 singulis
907 676 1052 750 explorari
1066 681 1121 735 etc.
1148 674 1259 750 Propo·

92 782 146 839 suit
160 786 306 854 practerea
320 781 531 840 ordinationem
546 779 740 838 ministrorum
760 797 813 852 per
833 782 962 855 papistas
983 785 1013 839 et
1031 797 1084 855 per
1106 781 1261 840 antithesin

93 887 301 960 ministrorum,
324 902 396 958 quos
410 885 529 959 spiritus
544 886 706 957 paracletus
722 891 806 944 vocat
820 892 850 944 et
864 886 996 945 institnit.
1028 886 1100 944 Item
1115 900 1172 956 quo
1187 887 1260 947 reci-

96 991 185 1050 derint
205 1007 254 1050 res
274 992 415 1064 ecclesiae,
444 990 577 1048 nimirum
597 988 634 1047 ad
653 991 782 1063 speciosa
801 990 903 1063 uerba,
934 991 1041 1064 templa
1061 991 1198 1063 regaliter
1217 992 1260 1049 in·

96 1101 210 1171 cuncta,
226 1097 377 1154 missarum
392 1095 657 1168 contaminationes,
674 1094 741 1153 dum
755 1096 871 1154 interim
886 1095 1082 1168 negliguntur,
1100 1097 1149 1168 qui
1159 1097 1263 1170 spiritu

96 1205 120 1259 et
132 1203 259 1260 veritate
272 1200 418 1271 instructi,
434 1199 638 1257 mansiuncula
651 1205 896 1259 sacramentorum
911 1199 956 1277 (nt
970 1199 1086 1275 vocant)
1102 1206 1182 1275 sunt,
1199 1217 1263 1259 cnm

93 1303 167 1364 ades
178 1320 271 1365 aurea
284 1309 381 1363 umen
396 1305 434 1362 sit
448 1320 538 1378 purus
552 1304 647 1378 homo,
664 1306 713 1377 qui
727 1303 783 1363 fide
799 1307 917 1365 uerbum
932 1305 987 1364 Dei
1001 1305 1191 1380 amplectetur
1206 1311 1261 1364 etc.

92 1409 129 1469 Et
143 1411 185 1469 ita
201 1408 239 1468 de
254 1411 376 1468 veritate
391 1409 498 1483 docuit,
514 1415 546 1467 ut
560 1426 657 1468 veram
672 1409 768 1483 fidem,
784 1412 976 1469 constantiam
991 1416 1020 1469 et
1030 1409 1190 1469 doctrinam
1200 1410 1264 1482 ejus

92 1515 163 1574 satis
177 1515 280 1572 iuuari
296 1515 401 1588 possis,
424 1514 615 1588 praesentibus
630 1515 705 1588 lupis
721 1521 750 1573 et
765 1531 833 1575 ursa
847 1520 933 1590 rapto
948 1516 1043 1575 catulo
1062 1531 1126 1574 eum
1142 1516 1261 1574 circum·

92 1617 242 1693 dantibus,
264 1634 318 1677 noc
338 1636 396 1678 non
415 1625 446 1678 et
465 1619 584 1693 aquilis,
605 1635 678 1677 unus
699 1621 746 1678 hic
760 1619 909 1679 Musonius
924 1621 1007 1680 bonis
1020 1619 1218 1678 fulcimentum
1232 1620 1264 1677 in

92 1723 210 1784 christo
221 1724 358 1798 Augusta
368 1723 537 1798 degentibus
548 1724 729 1799 adversariis,
745 1725 864 1784 malleus
879 1732 1030 1785 conterens
1045 1731 1157 1799 petram
1172 1725 1266 1784 videri

92 1835 198 1906 potest.
222 1831 257 1888 ln
272 1828 515 1889 obsecrationibus
531 1830 624 1889 oravit
639 1832 725 1888 etiam
739 1846 793 1903 pro
808 1831 844 1888 iis
860 1831 954 1902 quiin
968 1831 1088 1888 vinculis
1103 1831 1140 1889 ob
1152 1827 1263 1888 coufes-

92 1937 203 1996 sionem
219 1936 347 1994 veritatis
363 1924 570 2009 detinerentur,
587 1950 619 1993 aa
635 1935 873 2009 procbristianis,
891 1936 941 2008 qni
954 1936 1187 2010 incaptivitatcm
1201 1940 1263 1994 tur-

92 2043 183 2100 cicum
198 2039 333 2116 translati
347 2045 423 2099 sunt.
446 2041 513 2099 Non
529 2041 619 2112 enirn,
640 2041 746 2113 inquit,
770 2056 805 2098 eo
820 2041 875 2113 ipsi
890 2046 957 2100 snut
971 2041 1099 2113 pejores,
1122 2040 1198 2112 qnod
1212 2039 1263 2099 ab·

92 2145 256 2206 ductisunt
271 2150 301 2203 et
315 2145 369 2205 sub
383 2149 466 2204 tanto
480 2150 605 2217 tyranno
620 2145 727 2203 vivunt.
761 2145 865 2203 Omnes
881 2145 956 2203 enim
970 2153 1135 2218 peccatores
1158 2159 1264 2218 snmus,

92 2251 206 2312 etiamn
221 2264 281 2308 nou
296 2251 393 2309 statim
406 2250 479 2319 ultio
494 2249 582 2322 adsit,
603 2250 687 2322 juxta
701 2249 790 2309 uerba
806 2249 912 2309 Christi
928 2251 964 2309 de
979 2249 1120 2324 Galilaia,
1142 2264 1265 2323 quornm

92 2357 264 2431 unguinum
276 2352 387 2414 Pilatus
402 2369 466 2412 cnm
480 2354 601 2413 victimis
620 2357 782 2415 miscuerat.
814 2356 992 2430 Perpulcbre
1011 2354 1159 2414 Masculus
1176 2356 1265 2413 ritum

95 2458 229 2534 bausendi
244 2460 414 2533 papisticum
431 2460 495 2518 «Er
510 2461 560 2518 hat
575 2460 634 2517 sich
649 2459 817 2519 bericbtenu
831 2462 965 2520 lassenn»
983 2477 1036 2533 pro
1052 2477 1101 2533 eo,
1122 2461 1200 2531 qnod
1220 2459 1264 2518 di·

99 2566 194 2640 cimus,
219 2570 464 2624 sacramentorum
479 2581 510 2622 se
525 2565 694 2638 participem
708 2562 776 2623 fecit
791 2565 867 2641 (uum
882 2571 978 2624 tamen
994 2580 1093 2623 earum
1108 2579 1206 2622 rerum
1219 2561 1267 2622 vel

105 2670 152 2729 n'nt
165 2671 265 2731 edocti
279 2670 325 2728 vel
341 2669 444 2749 sciant)
461 2669 634 2744 explanavit.

101 2790 121 2837 ·,
179 2775 314 2836 Vidimus
323 2775 358 2833 ‚iu
375 2773 436 2833 aede
452 2773 581 2832 Mauritii
595 2775 626 2832 in
641 2775 716 2833 atrio
731 2771 861 2832 inferiori
876 2774 973 2847 templi
989 2790 1069 2832 aram
1084 2780 1220 2847 erectam,
1235 2774 1266 2832 iu

108 2864 154 2950 tu
166 2896 253 2941 coena
266 2879 383 2938 Domini
397 2879 537 2938 celebrari
551 2879 638 2952 solet,
655 2879 692 2938 ad
706 2881 788 2954 cujus
803 2880 896 2938 latera
909 2879 978 2938 binc
992 2884 1021 2938 et
1035 2879 1101 2937 hinc
1116 2880 1267 2952 sequentia

108 2980 239 3046 innostra
251 2985 505 3058 liuguadctorum
523 2987 540 3041 2
558 2983 702 3058 descripta
716 2989 811 3043 erant:
830 2985 878 3043 Sie
889 2984 1023 3044 bliebenn
1035 2984 1105 3044 uben
1116 2982 1267 3057 bestendig

106 3078 191 3150 h'der
205 3090 339 3166 Apostoll
353 3088 442 3164 Lehr,
457 3089 536 3149 unud
551 3089 601 3146 inu
618 3089 669 3147 der
684 3088 913 3164 Gemeinschafft,
929 3089 987 3149 und
1002 3093 1041 3148 im
1055 3090 1267 3149 brotbrecheuu

108 3195 174 3254 und
188 3193 293 3254 (lebet.
317 3195 389 3253 Item
405 3193 532 3254 Corinth.
553 3197 601 3253 10.
626 3194 675 3252 lbr
686 3200 799 3268 mueget
817 3197 873 3254 nitt
888 3196 980 3269 gleicb
998 3194 1170 3268 theilbafftig
1186 3195 1268 3252 seiun

110 3294 148 3359 bs
161 3299 263 3359 'l'iscbs
287 3298 339 3358 des
361 3298 487 3358 hemonn
509 3300 587 3358 vnnd
610 3300 661 3358 den
684 3298 804 3358 Teuffell
827 3300 928 3373 Tiscb,
952 3302 1001 3360 lbr
1022 3309 1135 3377 mueget
1156 3301 1199 3359 nit
1217 3317 1267 3359 zn-

112 3404 188 3477 doicb
203 3404 357 3464 trinckenn
374 3403 426 3463 des
439 3405 555 3463 Herren
569 3405 661 3464 Kelch
676 3405 732 3463 und
747 3405 799 3463 der
814 3404 935 3464 Teuffell
949 3406 1049 3464 Kelch.

184 3509 330 3570 Ardorem
344 3509 443 3582 populi
457 3507 618 3582 Augustani
633 3509 678 3568 vel
693 3511 788 3583 potius
803 3511 989 3583 parvulorum
1004 3527 1074 3585 erga
1088 3510 1208 3569 verbum
1223 3510 1268 3569 di-

118 3612 193 3679 hum
207 3631 246 3675 ex
259 3613 316 3673 hoc
331 3629 367 3672 ca
381 3613 427 3673 die
441 3613 694 3689 consideravimus,
717 3613 795 3687 quod
811 3615 953 3687 quendam
969 3617 1156 3689 provectioris
1176 3614 1271 3674 aetatis

121 3721 240 3781 ninom
255 3717 389 3791 uidimus,
407 3719 456 3791 qui
470 3734 585 3777 mancus
601 3724 631 3777 et
646 3719 764 3778 claudus
780 3718 890 3779 duabus
905 3722 1075 3795 bipennibus
1091 3721 1207 3778 innixus
1223 3717 1272 3775 vix

125 3828 174 3901 &c
186 3824 277 3886 tibias
291 3824 410 3883 trabem
431 3823 537 3896 gradm
557 3825 667 3898 abqnot
686 3824 851 3884 conscendit
871 3827 1002 3900 veniens,
1025 3827 1063 3885 ad
1086 3836 1215 3894 scamna,
1239 3820 1274 3876 in

128 3928 200 3991 lbns
215 3945 269 3989 nos
284 3927 466 4003 sedebamus,
483 3945 537 3989 nec
550 3928 605 3988 hoc
620 3929 663 3987 illi
678 3932 747 3990 satis
763 3935 839 4003 erat,
856 3931 908 3990 sed
922 3937 1066 4002 umorque
1080 3926 1189 4001 potnit,
1205 3939 1272 3998 par·

133 4042 292 4110 nrsptcns,
311 4034 417 4109 partim
431 4049 564 4092 manuum
579 4051 669 4108 opera
683 4042 765 4095 utens
780 4036 810 4093 in
825 4038 975 4111 superiora
990 4049 1105 4092 scamna
1121 4047 1137 4089 e
1151 4030 1270 4104 regione

137 4140 280 4216 haustis,
295 4155 356 4214 quo
368 4139 543 4199 commodius
557 4142 624 4200 coeli
636 4156 800 4215 praeconem
813 4142 916 4202 andire
930 4143 1040 4215 posset,
1056 4133 1194 4196 consedit.

1014 4244 1032 4302 3
1043 4240 1060 4276 *
