2678 4546
202 245 309 309 riuis
323 260 388 309 cum
401 242 523 308 Alberto
536 243 671 306 Dracone
686 244 722 305 de
736 245 833 306 multis
848 246 1027 308 contulimus.
1051 247 1130 308 Idem
1145 264 1181 309 aa
1195 249 1242 310 die
1255 250 1286 309 in

109 351 296 428 sponsalibus
317 352 394 413 Joati
418 357 449 413 et
469 353 637 427 walpurgis
662 354 847 412 concionatus
872 359 932 426 est,
959 355 1148 426 posteriorem
1174 359 1286 429 partem

110 457 219 534 psalmi
237 457 314 516 115:
337 456 477 517 Dominus
496 472 606 517 memor
622 454 678 515 fuit
697 459 788 517 nostri
806 461 835 516 et
850 457 998 519 benedixit
1011 459 1102 520 nobis.
1140 459 1288 522 Benedieit

116 563 214 623 domui
228 562 331 637 Israel,
346 562 491 623 benedicit
505 563 602 622 domni
614 562 715 624 Aaron
730 569 784 622 etc.
800 578 948 624 enarrans.
987 564 1102 623 Summa
1116 570 1170 638 est,
1185 565 1286 640 iuquit,

114 671 218 729 horum
232 667 400 741 uerborum,
416 667 494 741 qnod
509 667 579 728 deus
593 666 724 727 omnibus
738 668 889 729 benedicat
903 673 934 728 et
947 670 1043 729 omnia
1056 677 1218 744 conservet,
1234 688 1286 746 po·

115 775 257 833 tissimum
278 779 376 834 autem
395 773 522 833 eeclesia
544 789 604 832 sua
623 774 794 834 benedicere
814 781 933 849 paratus
953 775 999 833 sit.
1037 776 1109 834 Item
1130 781 1238 850 quanta
1250 777 1289 835 sit

116 880 220 939 divina
233 878 393 940 clementiae
407 880 532 953 bonitas,
547 880 598 953 qui
612 893 664 938 nee
680 895 770 951 penus
786 895 839 938 nee
852 896 922 952 opes
936 895 990 937 nec
1004 881 1148 940 miseriam
1160 880 1287 955 respicit,

116 985 166 1045 sed
181 985 294 1045 ordinis
307 986 502 1058 cujuscunque
515 983 679 1044 hominibus
695 985 850 1059 benedicit,
871 985 980 1044 seilicet
993 987 1056 1059 regi
1072 987 1183 1060 potenti
1197 992 1227 1046 et
1239 987 1288 1046 Iro

117 1090 311 1166 pauperrimo.
348 1089 505 1150 Aduonuit
525 1094 622 1149 autern
644 1094 677 1149 ut
698 1089 923 1150 benedictionem
947 1090 1062 1164 quidem
1081 1106 1101 1149 a
1123 1090 1237 1150 domino
1259 1096 1290 1150 et

117 1203 280 1271 peteremus
294 1200 325 1255 et
338 1201 570 1271 expectaremus,
594 1196 645 1256 scd
664 1197 706 1256 ita
725 1213 762 1255 ne
781 1212 848 1254 mox
868 1196 977 1255 ammos
998 1195 1240 1269 despondeamus,
1264 1197 1287 1254 si

117 1303 220 1362 nonin
234 1307 392 1376 momento,
412 1317 478 1375 quae
492 1301 672 1376 petierimus,
695 1302 871 1375 contingant.
909 1299 1064 1360 Dominum
1083 1302 1158 1360 enim
1178 1307 1289 1361 mature

118 1409 185 1466 satis
211 1422 280 1465 suos
299 1405 497 1467 benedictione
518 1407 710 1481 impleturum.
748 1406 798 1465 Ait
817 1422 931 1481 quoque
950 1407 1090 1481 psalmum
1110 1422 1208 1466 uocem
1226 1423 1289 1467 esse

119 1513 245 1572 eoelesiae
260 1509 388 1571 fidelium
402 1511 521 1586 singulis
536 1528 572 1573 ex
587 1512 741 1572 cbrisdmm
756 1512 895 1572 charitate
907 1509 1003 1572 fausta
1015 1512 1207 1585 imprecantis.
1230 1510 1289 1572 Do·

119 1618 175 1677 cuit
196 1623 228 1676 et
248 1616 390 1690 quomodo
402 1599 508 1692 'magni
528 1617 584 1677 hoo
602 1616 763 1677 ducendum
785 1618 837 1691 sit,
860 1617 937 1691 quod
952 1617 1106 1691 jubeamur
1129 1623 1159 1677 et
1179 1618 1290 1678 dicatur

119 1722 212 1783 uobis:
234 1722 404 1783 Benedicite
417 1721 533 1784 domino
547 1728 602 1783 etc.
640 1724 713 1783 Item
732 1739 867 1798 sponsum
885 1728 916 1781 et
929 1739 1062 1796 sponsam
1080 1723 1221 1783 allocutus
1236 1728 1289 1798 est,

120 1836 258 1888 memores
271 1833 370 1888 esseut
387 1829 533 1888 immensa
554 1829 690 1889 bonitatis
709 1830 799 1902 patris
819 1830 849 1887 in
864 1844 914 1888 eos
930 1828 1069 1902 eoelestis,
1093 1829 1142 1901 qui
1155 1830 1247 1902 napis
1261 1834 1291 1888 et

122 1934 234 1995 uberius
249 1949 315 2006 eos,
331 1933 402 1992 siin
415 1935 519 1994 timore
534 1934 636 1994 attide
651 1934 757 1994 domini
772 1934 970 2008 persteterint,
986 1932 1189 1994 benedicturus
1203 1941 1289 2008 esset,

123 2055 171 2099 nec
184 2055 245 2099 non
264 2043 296 2127 et
313 2039 434 2114 liberos,
458 2055 529 2113 quos
549 2040 728 2113 procreaturi
747 2044 857 2111 essent,
881 2044 968 2111 atque
988 2054 1024 2098 ne
1043 2039 1141 2098 statim
1161 2054 1291 2099 maerore

123 2141 338 2220 oonfioerentur,
353 2145 379 2203 si
392 2161 451 2206 uon
465 2145 560 2206 omnia
573 2160 640 2205 mox
650 2146 741 2219 copiae
753 2159 842 2204 oornu
854 2144 911 2202 illis
922 2143 960 2202 ad
973 2159 1087 2203 manum
1097 2144 1202 2205 adsint
1226 2145 1292 2204 Vnd

124 2265 161 2309 wo
174 2250 237 2309 Irsu
251 2249 332 2309 nicht
345 2246 491 2309 schaiflich
510 2248 625 2311 babenn
641 2250 726 2325 kont,
749 2265 781 2308 so
796 2254 909 2325 nempts
927 2247 1033 2309 lefflich
1048 2265 1099 2322 au,
1124 2247 1193 2311 Gott
1211 2251 1291 2310 wirts

124 2354 183 2413 uoll
202 2352 354 2414 maebenn
392 2353 455 2415 Nec
473 2355 528 2415 boe
549 2353 718 2416 beneficium
740 2356 821 2428 parvi
843 2353 1040 2414 oestimaudum
1062 2360 1123 2430 est,
1147 2355 1291 2417 domiuum

124 2458 203 2519 bum
217 2459 324 2519 ooelum
338 2460 393 2521 subi
406 2461 437 2520 iu
451 2460 586 2522 tirrenum
596 2458 814 2536 magnificentiae
826 2475 948 2535 creasse,
964 2475 1064 2519 verum
1078 2458 1214 2519 mundum
1228 2475 1292 2519 oum

125 2567 250 2628 omuibus
264 2567 371 2626 creatis
385 2567 441 2641 piis
455 2583 514 2627 non
527 2566 670 2638 invidere3
688 2568 767 2641 quin,
783 2565 859 2639 quod
870 2566 961 2638 maius
974 2568 1027 2639 est,
1042 2565 1072 2622 in
1084 2580 1153 2623 usus
1165 2565 1291 2638 ipsorum

125 2672 181 2733 baec
194 2671 334 2734 condidit
355 2672 396 2732 Et
409 2688 474 2731 cum
487 2673 550 2732 baec
561 2689 593 2732 se
603 2675 645 2732 ita
657 2671 792 2745 habeant,
808 2671 962 2745 cogitemus
973 2671 1102 2730 ovantes
1117 2656 1147 2728 et
1159 2671 1223 2729 sani
1236 2669 1291 2729 deo

117 2777 336 2854 -inperpetuum
350 2777 497 2838 Hallduia
510 2779 673 2839 decantare.

207 2884 236 2943 A
250 2885 388 2944 condona
398 2882 518 2943 Carolus
532 2899 626 2944 comes
641 2881 806 2944 aGleichen
820 2897 884 2940 cum
898 2897 989 2940 uxore
1003 2897 1055 2940 sua
1069 2886 1100 2940 et
1112 2881 1293 2956 sigismundo

127 2985 212 3050 bauo
225 2989 370 3051 abierunt
396 2990 426 3049 A
438 2990 561 3065 prandio
576 2989 744 3064 conjugibus
758 2988 913 3048 honoraria
927 3002 981 3060 pro
995 3003 1075 3046 more
1090 2987 1159 3047 data
1172 2991 1247 3047 sunt.

208 3095 269 3155 Sub
293 3099 427 3168 quamam
452 3094 567 3155 domina
589 3094 880 3167 drachumarm,
903 3094 1026 3154 Joannis
1045 3094 1165 3152 Henrici
1182 3094 1292 3153 comitis

128 3215 207 3276 uxor,
223 3200 413 3276 pedissequus
427 3215 523 3259 seeum
538 3207 568 3260 et
582 3199 818 3274 Christopborum
832 3200 870 3259 ab
883 3200 1068 3274 Eutuemerg
1082 3215 1136 3258 nac
1149 3215 1209 3258 non
1221 3197 1292 3257 Joa·

128 3305 244 3365 smmum
260 3306 336 3366 Sack
350 3321 496 3366 assumam
515 3307 643 3380 domum,
662 3306 770 3365 relictis
784 3305 965 3374 Rudeistadii
980 3303 1091 3365 duabus
1105 3302 1232 3378 filiabus,
1255 3304 1294 3364 ad

128 3417 256 3474 umtum
269 3412 366 3473 rediit

210 3519 272 3579 Sub
286 3533 371 3579 ooena
384 3517 527 3578 Henricus
541 3516 613 3579 baro
627 3534 646 3577 a
660 3514 830 3577 Wildenieis
844 3518 932 3577 veuit.

210 3624 290 3685 Nota
310 3624 347 3685 de
366 3621 527 3685 facinoroso
546 3626 577 3684 in
595 3621 734 3684 Masfeldt
756 3623 942 3683 incarcerato.
985 3623 1025 3684 Et
1044 3621 1254 3695 animadverte,
1276 3636 1294 3679 o

133 3726 221 3805 bomo,
240 3730 312 3805 quid
325 3726 414 3789 ndat
427 3746 495 3790 earo
511 3728 566 3789 sibi
580 3727 717 3790 dmeliota
730 3733 764 3787 ut
777 3729 808 3788 in
823 3729 954 3805 pessimis
969 3731 1056 3791 etiarn
1071 3727 1227 3787 crudelitas
1239 3721 1293 3785 ὶιιι

134 3831 217 3895 lecum
229 3836 327 3896 babet.

212 3940 327 4014 ijuiii
340 3940 478 4001 albertus
492 3939 588 4000 Draco
606 3940 636 3997 iu
651 3938 756 3999 sacello
776 3941 851 3999 mois
868 3935 1018 4001 octoadem
1032 3935 1170 3996 decimam
1185 3938 1294 3993 sexam

703 4077 720 4112 a

203 4165 215 4212 1
232 4162 299 4215 Hier
316 4161 363 4215 bat
380 4161 423 4214 die
440 4161 481 4216 bs.
501 4162 559 4214 eine
576 4160 666 4214 kleine
683 4161 771 4215 itieke.
