2678 4546
615 70 654 134 at

98 253 283 328 landtgravii‚
300 260 379 313 etan
395 255 553 315 consultum
571 253 660 328 foret,
684 254 768 328 hujus
784 255 827 313 rei
846 256 1018 314 mentionem
1033 256 1111 332 apud
1124 262 1216 318 consi·

92 361 150 420 rios
165 357 273 434 iacere,
295 363 361 434 egit.
400 361 480 419 Dixit
494 360 699 433 Mnrqnardns,
721 359 845 419 nondum
860 376 923 419 esse
938 362 1023 434 hujus
1037 365 1080 421 rei
1095 369 1216 439 tempus,

92 471 165 524 stros
181 482 294 538 quoque
308 466 488 525 archiducem
507 466 561 525 hoe
581 467 626 525 die
645 467 796 525 conuenire
814 483 872 524 uon
888 483 984 541 posse,
1009 469 1136 540 eoquod
1155 470 1218 529 heri

92 572 198 643 nguinis
214 572 426 630 diminutionem
441 568 553 643 fecerit,
572 571 688 644 detegit.

142 677 254 736 Nothus
270 695 288 736 a
302 679 434 751 Zertzen,
459 680 508 750 qui
525 679 627 735 missus
648 676 743 736 iuerat
762 679 1139 753 insusurrantem,
1164 681 1216 740 hoc

92 785 184 856 sponsi
198 786 309 857 retulit,
334 785 483 843 electorem
498 784 601 856 legisse
616 783 726 842 litteras
742 790 771 841 et
783 792 914 857 paratum
928 785 967 844 ad
980 786 1086 842 omnis.
1111 785 1216 844 Veram

92 890 243 948 cessarium
257 888 333 962 fore,
349 897 381 949 ut
395 891 438 948 vel
454 906 505 962 per
521 906 572 948 nos
586 890 630 947 vel
646 890 717 947 alios
732 889 888 948 marchioni
899 898 990 949 status
1004 906 1098 949 oense
1111 901 1218 950 nostro

92 995 257 1052 clareretur.

140 1100 268 1158 ioannes
282 1098 373 1158 frater
387 1104 484 1158 noster
498 1098 575 1173 apud
591 1098 732 1157 dominam
748 1099 972 1173 landtgrasiam
988 1118 1109 1174 pransus
1124 1116 1176 1162 est

140 1205 250 1263 Eadem
265 1203 368 1278 hospes
383 1210 479 1263 noster
495 1204 576 1263 Hans
595 1222 670 1263 vonn
685 1203 775 1263 Gesse
788 1205 881 1280 primo
895 1222 913 1263 a
928 1205 1049 1265 Pataris
1064 1209 1102 1266 ad
1119 1208 1216 1268 Daun-

98 1327 131 1368 {m
146 1311 200 1368 huc
215 1327 346 1368 reversus
362 1316 414 1384 est,
432 1312 480 1382 qui
495 1311 620 1368 nondum
631 1313 661 1368 in
672 1311 726 1369 hac
738 1311 822 1369 domo
833 1321 1019 1371 commoratos
1034 1322 1107 1385 erat,
1123 1315 1217 1388 pridie

101 1433 129 1472 m
144 1417 205 1488 ejus
222 1417 278 1474 diei
293 1433 356 1473 cnm
370 1417 528 1489 Angustam
547 1419 733 1479 venissemus.
757 1433 830 1474 uxor
845 1424 874 1474 et
888 1417 971 1476 liberi
991 1419 1079 1491 ipsius
1098 1421 1129 1477 in
1143 1420 1217 1479 hene

104 1536 170 1577 num
183 1522 294 1578 noviter
309 1529 430 1596 emptam
445 1522 691 1594 transmigrarent.

140 1628 268 1686 Fuerant
284 1628 383 1686 eadem
399 1634 428 1686 et
441 1629 530 1686 nostri
546 1627 624 1701 apud
638 1627 755 1699 Meyer,
772 1625 824 1684 sed
837 1627 907 1685 nihil
921 1629 983 1702 spei
998 1627 1095 1688 damni
1111 1640 1164 1689 est

141 1733 269 1790 Eubulus
285 1733 397 1805 quidem
412 1733 557 1806 cupiebat,
579 1739 612 1791 nt
627 1739 656 1790 et
669 1733 725 1805 ipsi
739 1730 778 1789 ab
791 1733 854 1791 aliis
869 1735 1029 1792 consultum
1043 1742 1120 1797 erat.
1145 1736 1214 1809 Vrg-

113 1856 119 1896 ι
134 1838 254 1912 alloqui,
272 1846 302 1897 at
316 1855 351 1898 ea
367 1840 413 1898 die
429 1840 507 1897 nulle
521 1837 603 1897 nohis
619 1837 703 1909 hujus
717 1840 760 1896 rei
775 1837 896 1896 facultas
910 1839 1042 1899 dabatur.

143 1944 242 2002 Comes
258 1962 275 2002 a
290 1946 402 2003 Nasson
416 1947 551 2016 scriptum
566 1945 760 2016 compromissi
774 1944 852 2002 inter
863 1944 1047 2004 Coloniensea
1062 1956 1091 2005 et
1106 1963 1157 2006 nos
1169 1962 1215 2006 re·

118 2055 143 2122 t,
161 2049 237 2122 quod
252 2052 362 2122 quoties
377 2051 525 2122 relegitur,
544 2049 630 2107 toties
644 2049 734 2121 mogh
749 2048 908 2107 acerbatur.

142 2156 246 2215 Florus
260 2161 290 2214 et
301 2155 487 2215 Wendehnus
502 2152 720 2211 atrebatensem
733 2153 874 2226 alloqunti
889 2162 964 2228 snat,
980 2158 1028 2229 qni
1043 2158 1134 2229 penno
1148 2173 1215 2217 m.

128 2249 147 2319 a
161 2276 192 2319 se
207 2263 335 2334 removit,
351 2267 478 2319 attamen
490 2258 555 2317 dein
566 2259 651 2331 jussit
662 2259 778 2317 comites
791 2263 915 2319 crastino
927 2260 965 2319 ad
976 2262 1076 2320 mam
1088 2269 1217 2321 ocum

134 2366 281 2424 meridiem
296 2365 404 2425 adesse.
443 2366 518 2424 Nem
532 2372 593 2422 tum
606 2365 683 2434 illos,
700 2365 807 2436 inquit,
825 2365 949 2438 audiam
965 2366 989 2423 si
1004 2366 1130 2424 veniunt.
1169 2366 1217 2426 sie

143 2487 197 2545 per
213 2475 404 2544 contemptum
421 2467 494 2528 forte
508 2471 644 2542 loquitur.

143 2575 336 2650 Omnipotens,
352 2578 475 2649 sapiens,
487 2576 644 2647 justissime
659 2582 688 2633 et
701 2575 863 2632 misericors
874 2572 963 2646 Deus,
979 2572 1072 2633 David
1086 2590 1139 2635 rex
1151 2586 1218 2636 tu

136 2681 241 2754 opheta
257 2697 340 2755 quem
354 2687 420 2754 post
437 2677 579 2738 foetantes
599 2681 709 2753 elegisti
727 2682 819 2738 virum
834 2680 987 2738 mandam
1001 2696 1052 2738 cor
1065 2690 1158 2753 mm,
1182 2681 1219 2743 tis

138 2787 263 2846 rinostri
271 2787 342 2846 lesu
349 2786 464 2859 Christi,
480 2784 532 2843 filii
544 2786 586 2842 tui
601 2784 750 2857 benedicti,
766 2787 898 2858 passione
914 2802 966 2844 nec
978 2802 1035 2845 oon
1050 2794 1081 2844 et
1093 2789 1219 2862 glorim

141 2893 265 2950 rectione
280 2891 480 2965 prophetizans
495 2893 572 2948 inter
584 2899 704 2950 caeteras
718 2893 862 2948 hnmensae
876 2893 1033 2962 majestatis
1047 2900 1105 2952 tun
1118 2893 1218 2952 mdes

161 2997 265 3055 Patres
280 2998 370 3053 nostri
385 3005 573 3069 speraverunt
587 2999 616 3054 in
631 3004 671 3069 te,
684 3006 714 3055 et
729 2997 795 3055 omn
810 3005 960 3069 sperarent
973 2998 1003 3054 in
1016 3004 1055 3067 te,
1070 3004 1103 3056 tn
1118 3001 1216 3057 emisti

164 3101 211 3160 Ad
225 3108 254 3160 te
269 3102 476 3172 clamaverunt,
498 3107 527 3158 et
541 3102 669 3160 liberasti
689 3118 753 3174 eos,
773 3104 803 3159 in
817 3108 847 3159 te
862 3110 1051 3172 speraverim
1064 3112 1095 3160 et
1108 3101 1216 3162 maini

150 3215 200 3265 mt.
240 3207 278 3264 Et
292 3206 366 3264 idem
387 3205 475 3264 verbo
490 3204 595 3263 Christi
614 3206 752 3279 prolixius
767 3221 942 3278 prosequens
959 3208 1012 3273 ait,
1037 3204 1102 3279 Ego
1122 3216 1217 3266 auten

152 3329 157 3368 l
172 3318 201 3370 et
216 3316 273 3369 hon
288 3311 381 3369 homo.
414 3313 440 3368 A
454 3317 535 3368 tanto
550 3312 639 3384 igitur
652 3327 721 3383 rege
736 3318 766 3370 et
778 3312 919 3385 propheta
935 3312 1028 3369 narni
1043 3320 1074 3368 et
1088 3310 1218 3386 exemplo

155 3418 231 3475 ssimi
250 3415 302 3474 filii
324 3417 366 3474 tui
381 3418 518 3488 instituti,
543 3417 647 3474 dehac
668 3418 803 3474 matema
822 3416 951 3474 bonitate
968 3424 1019 3474 tue
1039 3424 1068 3473 et
1083 3417 1217 3476 intem·

157 3522 219 3595 ejus,
236 3538 319 3595 quem
332 3520 425 3578 solum
439 3536 490 3578 nos
502 3521 603 3578 audire
613 3522 734 3594 inssisti,
744 3536 885 3593 ‹pnemgae
899 3520 989 3578 sol-
1005 3530 1124 3593 propter
1137 3535 1218 3579 reve·

160 3645 174 3685 o
189 3622 324 3701 ipsinsin
339 3642 423 3682 cruce
439 3631 585 3683 extensum
601 3624 779 3684 exaudivisti.
813 3624 961 3684 Tellenis
978 3640 1076 3683 veram
1091 3634 1121 3681 et
1135 3632 1219 3683 nter·

165 3749 229 3791 eum
239 3736 535 3806 patrnmnostrorum‚
551 3740 581 3789 et
588 3732 643 3803 ipsi
653 3730 743 3802 inhia,
758 3748 821 3803 quae
835 3747 909 3791 nane
920 3738 1124 3804 nosprenont.
1140 3728 1223 3785 realis

165 3855 251 3909 imus,
275 3851 388 3894 omnem
408 3843 534 3894 nostram
558 3852 637 3909 spem
661 3837 690 3893 in
714 3844 743 3894 te
762 3836 941 3895 mhoeantes.
981 3835 1057 3891 Vere
1076 3834 1150 3889 enin
1172 3844 1224 3888 nne

169 3959 239 4016 pars
255 3956 352 4000 eorum
363 3946 392 3998 et
407 3939 511 3997 inimus
522 3949 671 4014 stetimus,
686 3956 807 4013 quomam
819 3948 917 4014 typum
931 3939 1064 4013 praebuit,
1080 3936 1137 3992 imo
1151 3950 1220 4006 qm»

169 4049 252 4106 lnera
267 4051 296 4105 et
308 4044 414 4103 vibices
425 4043 499 4103 filins
514 4050 580 4104 tuns
593 4045 790 4105 dilectissimus
802 4047 877 4104 tulit.
899 4044 1018 4116 Respice
1033 4042 1130 4112 igitur,
1145 4054 1221 4112 ou·

176 4147 1222 4225 mfaciueJuaqmpoecatammtuhtetpropitiuestomoatie
