2678 4546
682 39 726 97 30

126 216 207 277 fetro.
224 220 337 278 domiue
353 217 462 289 doctor,
478 217 580 290 iuquit,
595 219 626 275 in
640 216 694 274 hor
710 214 792 273 uobis
807 215 914 288 iniuria
926 212 968 287 fit,
984 230 1054 273 nam
1065 212 1210 287 hujusrei
1221 214 1287 273 uuile
1327 226 1332 245 ²

124 336 183 383 tum
199 324 337 395 temporis
350 325 457 383 mentio
472 324 569 382 habita
587 330 639 381 est.
663 323 812 380 invertens
827 322 917 395 igitur
926 319 1040 380 Doetor
1055 318 1226 395 sermonem,
1240 338 1287 380 nm
1313 292 1333 393 Ιῑ

126 430 161 486 ὼ·
178 431 267 487 vobis.
285 429 336 486 sod
351 430 493 500 aliquibus
508 445 543 486 ex
558 429 662 487 restris
676 426 789 499 loquor,
807 427 945 499 ociusque
959 444 978 485 a
991 442 1094 485 mensa
1108 428 1288 501 protomiiun
1324 418 1333 457 ³

126 536 266 608 arripior«
282 536 352 593 haer·
366 536 427 593 fere
443 537 525 608 legit:
549 551 582 593 so
597 534 692 592 ueindf
706 550 760 592 vor
778 550 850 592 unus
869 533 1059 593 erachienenn
1078 532 1168 593 Graii
1186 535 1288 595 Johunu
1323 526 1333 563 ‘²

126 656 180 696 rou
199 640 337 697 ii'aldeck
351 640 427 697 rnnd
443 640 526 698 Graii
538 638 641 697 Albert
655 654 711 697 von
728 639 779 699 der
793 640 879 711 Hoya
894 646 963 712 ete,
984 640 1086 698 wilohe
1106 641 1164 699 wir
1180 642 1232 714 jnn
1251 640 1288 698 die
1325 640 1333 663 ·'

126 745 309 809 uersolmum„r
319 744 525 819 rffgenomenn.
542 744 626 804 idooh
637 745 679 802 sie
690 743 727 803 do
738 744 785 803 bie
798 742 1001 817 besobeidenn‚
1016 746 1060 803 sie
1075 746 1193 805 soiteun
1205 744 1289 805 forus
1320 690 1333 821 i

125 850 291 915 domnorum
311 852 355 909 bio
370 852 423 909 der
437 852 636 925 keyseriiohen
651 851 796 921 Mayestet
811 850 989 923 Aneuohuug
1002 851 1077 909 thun
1091 856 1149 909 ete.
1180 851 1219 909 Et
1232 854 1287 925 pust
1324 860 1333 929 ξ

124 956 213 1013 muita
227 958 322 1015 attulit
339 957 419 1015 haee.
444 958 481 1014 Se
497 963 525 1014 et
541 958 585 1015 sui
600 956 796 1015 aibihomines
806 956 966 1014 nihiialiud
979 955 1095 1015 efficere
1104 972 1203 1031 posse,
1215 970 1287 1029 quun

126 1070 154 1117 ur
178 1072 325 1133 curarent=
350 1080 407 1133 ‹pm
428 1078 513 1121 eausa
534 1068 632 1120 nostru
653 1063 691 1120 ad
713 1063 855 1121 Caesarem
873 1060 1032 1121 referretur
1055 1062 1148 1122 etad
1170 1064 1201 1123 id
1217 1061 1287 1121 nom
1315 1050 1330 1125 i

126 1182 205 1223 uuam
227 1182 342 1237 operam
364 1167 506 1237 pollioitus
527 1176 578 1226 est.
617 1168 673 1227 Ubi
693 1184 762 1227 uero
782 1182 868 1226 eausa
889 1167 925 1225 ud
944 1169 1153 1239 imperatorem
1169 1166 1286 1227 uerum
1313 1136 1333 1207 ὲ

127 1270 224 1342 fuerin
241 1278 300 1327 tum
316 1288 369 1328 nos
385 1280 519 1343 oportere
535 1289 593 1329 suae
609 1274 768 1343 mejestatis
782 1288 952 1345 responsum
968 1278 1133 1345 expectare.
1158 1272 1231 1332 Dum
1243 1286 1285 1331 m·
1314 1270 1333 1311 Ε

126 1384 182 1431 tem
197 1374 233 1431 dc·
248 1392 328 1433 moro
343 1388 371 1435 et
387 1378 519 1449 expensis
535 1376 629 1436 obiter
644 1378 811 1450 diceremur,
828 1378 877 1450 ait,
894 1377 1052 1449 parendum
1067 1394 1134 1437 esse
1147 1379 1243 1437 eoeami
1262 1380 1285 1433 et
1308 1370 1333 1419 ἶ

125 1480 167 1538 iili
184 1484 320 1553 seipsum
336 1483 496 1541 resolvendi
512 1482 598 1555 (nova
613 1484 687 1542 enim
703 1484 774 1541 haee.
788 1482 888 1540 auiiois
900 1483 932 1539 in
943 1483 998 1541 hoe
1007 1481 1282 1557 signiiioetureom
1304 1464 1333 1529 ³·-

126 1602 181 1643 uox
197 1594 252 1649 estu
267 1589 373 1657 pistum
388 1594 500 1661 tempus·
522 1588 735 1647 eoncedendum
754 1588 825 1645 fore.
865 1586 913 1645 Sic
934 1587 1156 1661 quadrupedum
1175 1586 1282 1651 murto
1299 1574 1333 1637 ἓ

127 1708 187 1749 rum
205 1692 322 1764 pisilibus
338 1694 392 1750 huo
407 1693 518 1751 advecti
535 1696 581 1751 rix
597 1694 687 1751 laneis
707 1694 790 1753 nobis
812 1694 857 1751 hir
877 1693 1067 1752 incedendum
1090 1702 1145 1754 ost.
1182 1696 1280 1754 ntum
1294 1700 1333 1747 r:

126 1798 210 1855 etiam
227 1798 358 1857 domiuus
368 1800 528 1871 Leporinus
540 1801 711 1873 superuenit,
728 1798 806 1873 apud
819 1814 903 1870 quem
914 1798 991 1856 idem
1001 1800 1033 1857 in
1044 1804 1204 1873 praesentia
1211 1794 1279 1871 Vis!
1291 1776 1333 1853 i-

125 1904 246 1973 egimus,
268 1905 308 1961 illi
325 1908 442 1979 iusuper·
456 1906 621 1963 memoriam
637 1906 673 1963 do
688 1910 765 1963 statu
780 1907 931 1962 comitatus
945 1906 1036 1963 nostri
1055 1904 1276 1977 refrieunteej

126 2012 174 2077 qui
189 2014 323 2068 tractet-ui
340 2012 534 2069 hor-oisoundae
550 2010 726 2070 haereditatis
741 2016 847 2069 nostrae
862 2008 1047 2083 interfuerat,
1071 2011 1154 2084 quod
1174 2016 1203 2071 et
1219 2012 1286 2083 ipt-

125 2126 181 2173 met
198 2118 321 2187 ingenuo
336 2116 472 2175 confitens
487 2117 630 2189 pollicitus
646 2122 691 2174 est
714 2123 743 2174 et
762 2132 842 2173 suam
864 2131 989 2188 operam.
1028 2114 1161 2176 Conveni
1182 2121 1210 2176 et
1225 2112 1328 2183 ruf:

125 2221 193 2277 lium
209 2224 341 2291 seorsim
364 2230 391 2279 et
408 2222 431 2277 is
447 2222 576 2293 quaedam
593 2224 706 2295 negarit
723 2230 751 2281 et
767 2224 843 2279 sensi
858 2221 901 2279 illi
915 2220 1046 2280 fraudem
1060 2218 1178 2282 suetam.
1206 2220 1233 2280 ir*

126 2334 225 2385 eunom
243 2326 330 2385 Deus.
347 2328 394 2399 qni
411 2334 438 2385 et
454 2328 563 2385 occulta
580 2326 725 2399 dijudicat.
750 2328 854 2400 Sitque
868 2328 933 2385 hine
948 2328 1066 2388 abitum.

215 2434 246 2491 lu
262 2432 362 2491 eodem
377 2434 480 2491 itinere
492 2432 528 2490 1).
540 2434 679 2491 ioannem
690 2432 897 2505 sterquardum
912 2433 1029 2491 allocuti
1044 2448 1152 2493 sumus.
1178 2434 1206 2493 is

125 2552 170 2599 rer·
185 2552 294 2599 osteum
310 2558 340 2599 so
357 2542 510 2601 humanum
526 2548 553 2597 et
575 2546 704 2612 apertum
728 2540 810 2598 nobis
824 2538 959 2611 praebuit,
985 2538 1147 2614 spondeus,
1169 2556 1201 2599 se

125 2647 303 2703 orriridumm
319 2646 442 2705 fideliter·
457 2652 583 2705 nostram
600 2661 714 2703 (numm
735 2652 872 2703 uotiuum.
912 2644 957 2702 Ex
977 2646 1055 2702 omni
1076 2652 1176 2705 entem

126 2766 189 2805 rum
206 2752 298 2808 uerbis
312 2751 411 2823 liquor,
428 2752 519 2825 probe
533 2752 589 2809 iliis
605 2752 748 2823 cognitum
765 2766 828 2807 osse
843 2750 925 2807 nobis
939 2750 1077 2821 injuriam
1091 2749 1170 2825 fieri,
1185 2750 1206 2809 h
1299 2786 1302 2791 -

126 2854 234 2911 consilii
251 2856 441 2927 ilurquardus
458 2856 550 2929 (ledit,
567 2859 636 2929 «pria
650 2857 796 2915 comitesu
816 2853 907 2911 (fartis
921 2870 1037 2927 pressos
1053 2862 1081 2915 et
1098 2856 1192 2929 premi
1316 2876 1328 2885 -

127 2960 303 3019 uriuerteret.
328 2978 383 3019 nou
400 2963 440 3019 iiii
457 2962 653 3036 infrugiferam
670 2961 773 3033 uideri,
796 2966 827 3017 ut
849 2962 966 3018 comites
986 2960 1063 3033 apud
1085 2960 1228 3021 (mauron
1243 2892 1333 3015 μ

128 3073 211 3137 stem,
228 3084 284 3138 quo
300 3070 449 3126 comitatus
465 3069 537 3125 liber
551 3067 689 3126 reddatur
703 3066 831 3139 imperio.
848 3066 885 3123 de
901 3082 958 3139 qua
973 3084 1006 3125 re
1020 3068 1119 3125 multis
1130 3052 1333 3126 veroni?

127 3173 223 3229 semis.
257 3174 383 3243 t'rrrnrpm
398 3190 449 3229 nos
465 3172 636 3244 diremimus,
657 3172 755 3229 uidero
770 3171 884 3242 quidem
900 3188 967 3245 noa,
989 3171 1157 3243 quidnobis
1173 3112 1333 3231 eor!

128 3274 190 3331 diu
206 3286 290 3347 osset,
308 3293 404 3333 rerum
421 3295 473 3337 nos
489 3287 516 3335 et
533 3278 656 3336 vasallos¹
667 3278 813 3335 (furtorum
829 3279 966 3351 principis
981 3294 1054 3349 esso,
1071 3286 1099 3336 ef
1116 3216 1333 3457 eidssae

126 3378 399 3447 juramioustrioms.
421 3384 541 3441 Referre
550 3392 645 3441 aut-em
663 3384 778 3441 susurris·
793 3389 824 3439 uf
840 3383 902 3455 ipso
918 3384 1072 3442 clementer·
1088 3398 1153 3442 oum
1204 3384 1210 3397 '
1292 3430 1295 3435 .

128 3496 226 3541 nostro
235 3486 272 3541 do
281 3486 334 3543 hur·
347 3504 379 3543 ro
394 3496 469 3559 agat,
486 3504 523 3544 ne
537 3493 634 3545 nostor·
650 3495 677 3545 et
693 3486 783 3547 hono>¹
800 3496 829 3546 et
843 3490 1015 3546 couscientia
1030 3490 1107 3547 mele
1122 3486 1173 3547 aff
1191 3488 1198 3501 '
1307 3482 1315 3489 ”

128 3588 159 3646 fd
175 3590 296 3647 instituti
314 3592 505 3663 iiarquurdus
521 3592 655 3653 laudans,
676 3594 778 3665 pmbo,
803 3594 857 3663 ait²
882 3596 935 3651 hoe
956 3612 971 3651 u
993 3594 1075 3651 robis
1096 3592 1217 3665 dietum,

127 3698 201 3755 euim
225 3696 267 3754 siu
289 3696 479 3769 uguredieudu
502 3712 548 3753 ros
569 3706 657 3769 osset,
678 3705 709 3755 uf
730 3699 881 3757 comitatus
901 3700 936 3755 sit
958 3698 1033 3757 iiber·
1053 3700 1190 3773 imperio,

126 3810 220 3861 autem
238 3802 286 3857 tim
309 3801 385 3872 quod
405 3802 445 3858 iiii
467 3802 600 3859 debetur.
626 3809 653 3861 et
675 3804 760 3861 detur
782 3820 869 3875 opem
892 3820 928 3861 ue
950 3820 1001 3862 uos
1021 3808 1171 3877 vestrique

127 3908 198 3963 udeo
215 3910 243 3963 in
259 3904 612 3977 seruitutemredipautur.
635 3908 804 3967 flu-beufvos
818 3910 925 3967 Hossus
935 3916 966 3967 ut
980 3910 1113 3983 vasallos,
1129 3910 1180 3969 sed

128 4026 239 4081 uuoom·
255 4024 283 4069 ur
301 4014 417 4071 coruites
433 4012 538 4069 liberos
554 4013 673 4083 imperii.
701 4014 774 4071 Num
792 4017 815 4071 si
831 4016 855 4071 is
870 4014 942 4071 ordo
957 4016 1136 4089 interruptus
1151 4030 1208 4074 nou
1316 4064 1319 4069 .

128 4122 183 4185 sot=
206 4134 261 4173 uon
284 4122 423 4191 potuisset
441 4126 538 4177 tantus
560 4118 697 4178 tumuitus
716 4121 848 4181 suscitari
868 4126 922 4181 eto.
959 4122 1010 4181 Ait
1028 4120 1110 4181 item:
1134 4120 1178 4181 Im
1252 4176 1268 4185 ..
