<?xml version="1.0" encoding="UTF-8"?>
<!DOCTYPE html PUBLIC "-//W3C//DTD XHTML 1.0 Transitional//EN"
    "http://www.w3.org/TR/xhtml1/DTD/xhtml1-transitional.dtd">
<html xmlns="http://www.w3.org/1999/xhtml" xml:lang="en" lang="en">
 <head>
  <title>
</title>
<meta http-equiv="Content-Type" content="text/html;charset=utf-8" />
  <meta name='ocr-system' content='tesseract 3.04.00' />
  <meta name='ocr-capabilities' content='ocr_page ocr_carea ocr_par ocr_line ocrx_word'/>
</head>
<body>
  <div class='ocr_page' id='page_1' title='image "./desgrafenwolrad00trosgoog_0204.png"; bbox 0 0 2678 4546; ppageno 0'>
   <div class='ocr_carea' id='block_1_1' title="bbox 659 50 726 119">
    <p class='ocr_par' dir='ltr' id='par_1_1' title="bbox 659 50 726 119">
     <span class='ocr_line' id='line_1_1' title="bbox 659 50 726 119; baseline -0.015 0"><span class='ocrx_word' id='word_1_1' title='bbox 659 50 726 119; x_wconf 73' lang='grc'><strong>198</strong></span> 
     </span>
    </p>
   </div>
   <div class='ocr_carea' id='block_1_2' title="bbox 100 235 1279 4317">
    <p class='ocr_par' dir='ltr' id='par_1_2' title="bbox 100 235 1279 3463">
     <span class='ocr_line' id='line_1_2' title="bbox 100 235 1276 313; baseline 0.002 -14"><span class='ocrx_word' id='word_1_2' title='bbox 100 238 224 299; x_wconf 80' lang='lat' dir='ltr'><strong>xerbmn</strong></span> <span class='ocrx_word' id='word_1_3' title='bbox 237 237 340 299; x_wconf 67' lang='lat' dir='ltr'><strong>mutis</strong></span> <span class='ocrx_word' id='word_1_4' title='bbox 354 235 556 297; x_wconf 73' lang='lat' dir='ltr'><strong>mnumbat.</strong></span> <span class='ocrx_word' id='word_1_5' title='bbox 580 236 639 295; x_wconf 90' lang='lat' dir='ltr'><strong>Sed</strong></span> <span class='ocrx_word' id='word_1_6' title='bbox 653 236 724 309; x_wconf 83' lang='lat' dir='ltr'><strong>quid</strong></span> <span class='ocrx_word' id='word_1_7' title='bbox 736 235 851 295; x_wconf 74' lang='lat' dir='ltr'><strong>actum?</strong></span> <span class='ocrx_word' id='word_1_8' title='bbox 876 236 1025 311; x_wconf 74' lang='lat' dir='ltr'><strong>Clamavit,</strong></span> <span class='ocrx_word' id='word_1_9' title='bbox 1044 242 1148 313; x_wconf 80' lang='lat' dir='ltr'><strong>inquit,</strong></span> <span class='ocrx_word' id='word_1_10' title='bbox 1163 242 1276 313; x_wconf 88' lang='lat' dir='ltr'><strong>sapien·</strong></span> 
     </span>
     <span class='ocr_line' id='line_1_3' title="bbox 101 342 1277 420; baseline 0.003 -17"><span class='ocrx_word' id='word_1_11' title='bbox 101 347 145 404; x_wconf 78' lang='lat' dir='ltr'><strong>tis</strong></span> <span class='ocrx_word' id='word_1_12' title='bbox 158 347 190 403; x_wconf 90' lang='lat' dir='ltr'><strong>in</strong></span> <span class='ocrx_word' id='word_1_13' title='bbox 205 344 327 417; x_wconf 77' lang='lat' dir='ltr'><strong>pluteis,</strong></span> <span class='ocrx_word' id='word_1_14' title='bbox 342 350 373 401; x_wconf 91' lang='lat' dir='ltr'><strong>et</strong></span> <span class='ocrx_word' id='word_1_15' title='bbox 386 342 515 401; x_wconf 88' lang='lat' dir='ltr'><strong>Joannes</strong></span> <span class='ocrx_word' id='word_1_16' title='bbox 529 343 657 415; x_wconf 83' lang='lat' dir='ltr'><strong>baptista</strong></span> <span class='ocrx_word' id='word_1_17' title='bbox 672 343 765 405; x_wconf 74' lang='lat' dir='ltr'><strong>veuit.</strong></span> <span class='ocrx_word' id='word_1_18' title='bbox 788 344 834 401; x_wconf 75' lang='lat' dir='ltr'><strong>vir</strong></span> <span class='ocrx_word' id='word_1_19' title='bbox 848 352 972 405; x_wconf 73' lang='lat' dir='ltr'><strong>austere</strong></span> <span class='ocrx_word' id='word_1_20' title='bbox 987 345 1053 401; x_wconf 75' lang='lat' dir='ltr'><strong>sita</strong></span> <span class='ocrx_word' id='word_1_21' title='bbox 1070 352 1099 403; x_wconf 93' lang='lat' dir='ltr'><strong>et</strong></span> <span class='ocrx_word' id='word_1_22' title='bbox 1115 346 1277 420; x_wconf 80' lang='lat' dir='ltr'><strong>praedicans</strong></span> 
     </span>
     <span class='ocr_line' id='line_1_4' title="bbox 102 446 1277 525; baseline 0.002 -18"><span class='ocrx_word' id='word_1_23' title='bbox 102 450 314 523; x_wconf 71' lang='lat' dir='ltr'><strong>poenitentium</strong></span> <span class='ocrx_word' id='word_1_24' title='bbox 345 448 430 507; x_wconf 79' lang='lat' dir='ltr'><strong>Hune</strong></span> <span class='ocrx_word' id='word_1_25' title='bbox 448 447 551 507; x_wconf 72' lang='lat' dir='ltr'><strong>sudus</strong></span> <span class='ocrx_word' id='word_1_26' title='bbox 570 456 705 505; x_wconf 88' lang='lat' dir='ltr'><strong>renuunt.</strong></span> <span class='ocrx_word' id='word_1_27' title='bbox 738 446 868 505; x_wconf 74' lang='lat' dir='ltr'><strong>Christus</strong></span> <span class='ocrx_word' id='word_1_28' title='bbox 890 452 968 508; x_wconf 73' lang='lat' dir='ltr'><strong>venit</strong></span> <span class='ocrx_word' id='word_1_29' title='bbox 988 450 1065 507; x_wconf 81' lang='lat' dir='ltr'><strong>uritis</strong></span> <span class='ocrx_word' id='word_1_30' title='bbox 1085 460 1114 509; x_wconf 87' lang='lat' dir='ltr'><strong>et</strong></span> <span class='ocrx_word' id='word_1_31' title='bbox 1137 450 1277 525; x_wconf 73' lang='lat' dir='ltr'><strong>benignu</strong></span> 
     </span>
     <span class='ocr_line' id='line_1_5' title="bbox 103 553 1279 631; baseline 0 -18"><span class='ocrx_word' id='word_1_32' title='bbox 103 555 256 615; x_wconf 78' lang='lat' dir='ltr'><strong>duloedino</strong></span> <span class='ocrx_word' id='word_1_33' title='bbox 269 570 324 613; x_wconf 77' lang='lat' dir='ltr'><strong>sus</strong></span> <span class='ocrx_word' id='word_1_34' title='bbox 337 560 502 625; x_wconf 70' lang='lat' dir='ltr'>peccatores</span> <span class='ocrx_word' id='word_1_35' title='bbox 516 553 678 611; x_wconf 60' lang='lat' dir='ltr'><strong>amulcus:</strong></span> <span class='ocrx_word' id='word_1_36' title='bbox 702 554 787 612; x_wconf 89' lang='lat' dir='ltr'><strong>Hunc</strong></span> <span class='ocrx_word' id='word_1_37' title='bbox 811 555 1002 627; x_wconf 79' lang='lat' dir='ltr'><strong>rinipotorem</strong></span> <span class='ocrx_word' id='word_1_38' title='bbox 1017 562 1048 613; x_wconf 89' lang='lat' dir='ltr'><strong>et</strong></span> <span class='ocrx_word' id='word_1_39' title='bbox 1061 556 1170 615; x_wconf 89' lang='lat' dir='ltr'><strong>socium</strong></span> <span class='ocrx_word' id='word_1_40' title='bbox 1185 556 1279 631; x_wconf 90' lang='lat' dir='ltr'><strong>publi·</strong></span> 
     </span>
     <span class='ocr_line' id='line_1_6' title="bbox 103 658 1277 733; baseline 0 -14"><span class='ocrx_word' id='word_1_41' title='bbox 103 676 242 719; x_wconf 78' lang='lat' dir='ltr'><strong>cunonm</strong></span> <span class='ocrx_word' id='word_1_42' title='bbox 254 675 290 719; x_wconf 82' lang='lat' dir='ltr'><strong>ac</strong></span> <span class='ocrx_word' id='word_1_43' title='bbox 303 659 488 717; x_wconf 74' lang='lat' dir='ltr'><strong>meretricum</strong></span> <span class='ocrx_word' id='word_1_44' title='bbox 501 666 616 729; x_wconf 79' lang='lat' dir='ltr'><strong>vocant,</strong></span> <span class='ocrx_word' id='word_1_45' title='bbox 632 658 793 717; x_wconf 79' lang='lat' dir='ltr'><strong>doctrinam</strong></span> <span class='ocrx_word' id='word_1_46' title='bbox 808 660 871 730; x_wconf 87' lang='lat' dir='ltr'><strong>ejus</strong></span> <span class='ocrx_word' id='word_1_47' title='bbox 886 658 1051 719; x_wconf 76' lang='lat' dir='ltr'>seditiosam</span> <span class='ocrx_word' id='word_1_48' title='bbox 1066 660 1174 733; x_wconf 81' lang='lat' dir='ltr'><strong>dicunt,</strong></span> <span class='ocrx_word' id='word_1_49' title='bbox 1191 660 1277 719; x_wconf 86' lang='lat' dir='ltr'><strong>bens·</strong></span> 
     </span>
     <span class='ocr_line' id='line_1_7' title="bbox 103 762 1278 836; baseline 0 -11"><span class='ocrx_word' id='word_1_50' title='bbox 103 765 258 825; x_wconf 73' lang='lat' dir='ltr'><strong>suessan</strong></span> <span class='ocrx_word' id='word_1_51' title='bbox 270 763 404 823; x_wconf 91' lang='lat' dir='ltr'><strong>omnibus</strong></span> <span class='ocrx_word' id='word_1_52' title='bbox 419 770 449 821; x_wconf 90' lang='lat' dir='ltr'><strong>ct</strong></span> <span class='ocrx_word' id='word_1_53' title='bbox 463 765 584 823; x_wconf 78' lang='lat' dir='ltr'><strong>uerbum</strong></span> <span class='ocrx_word' id='word_1_54' title='bbox 598 764 743 822; x_wconf 80' lang='lat' dir='ltr'><strong>miraculis</strong></span> <span class='ocrx_word' id='word_1_55' title='bbox 758 762 991 836; x_wconf 77' lang='lat' dir='ltr'><strong>confirmantem,</strong></span> <span class='ocrx_word' id='word_1_56' title='bbox 1007 765 1090 822; x_wconf 71' lang='lat' dir='ltr'><strong>caecis</strong></span> <span class='ocrx_word' id='word_1_57' title='bbox 1105 767 1197 823; x_wconf 73' lang='lat' dir='ltr'><strong>usum</strong></span> <span class='ocrx_word' id='word_1_58' title='bbox 1211 765 1278 825; x_wconf 90' lang='lat' dir='ltr'><strong>red-</strong></span> 
     </span>
     <span class='ocr_line' id='line_1_8' title="bbox 104 869 1277 945; baseline 0.003 -16"><span class='ocrx_word' id='word_1_59' title='bbox 104 871 234 945; x_wconf 80' lang='lat' dir='ltr'><strong>dentem,</strong></span> <span class='ocrx_word' id='word_1_60' title='bbox 256 871 389 945; x_wconf 86' lang='lat' dir='ltr'><strong>leprosos</strong></span> <span class='ocrx_word' id='word_1_61' title='bbox 409 869 609 943; x_wconf 83' lang='lat' dir='ltr'><strong>mundantem,</strong></span> <span class='ocrx_word' id='word_1_62' title='bbox 633 870 778 929; x_wconf 79' lang='lat' dir='ltr'><strong>demones</strong></span> <span class='ocrx_word' id='word_1_63' title='bbox 800 871 962 942; x_wconf 79' lang='lat' dir='ltr'><strong>ejicientem</strong></span> <span class='ocrx_word' id='word_1_64' title='bbox 982 870 1154 929; x_wconf 73' lang='lat' dir='ltr'><strong>daemonium</strong></span> <span class='ocrx_word' id='word_1_65' title='bbox 1168 870 1277 931; x_wconf 86' lang='lat' dir='ltr'><strong>habore</strong></span> 
     </span>
     <span class='ocr_line' id='line_1_9' title="bbox 104 974 1278 1051; baseline 0 -16"><span class='ocrx_word' id='word_1_66' title='bbox 104 975 300 1035; x_wconf 77' lang='lat' dir='ltr'><strong>sociiemntur</strong></span> <span class='ocrx_word' id='word_1_67' title='bbox 313 980 369 1034; x_wconf 82' lang='lat' dir='ltr'><strong>etr.</strong></span> <span class='ocrx_word' id='word_1_68' title='bbox 399 974 438 1033; x_wconf 88' lang='lat' dir='ltr'><strong>Et</strong></span> <span class='ocrx_word' id='word_1_69' title='bbox 453 976 494 1032; x_wconf 86' lang='lat' dir='ltr'><strong>sic</strong></span> <span class='ocrx_word' id='word_1_70' title='bbox 509 982 541 1033; x_wconf 92' lang='lat' dir='ltr'><strong>ut</strong></span> <span class='ocrx_word' id='word_1_71' title='bbox 555 974 695 1033; x_wconf 80' lang='lat' dir='ltr'><strong>Dominus</strong></span> <span class='ocrx_word' id='word_1_72' title='bbox 708 977 771 1049; x_wconf 88' lang='lat' dir='ltr'><strong>ipse</strong></span> <span class='ocrx_word' id='word_1_73' title='bbox 793 977 848 1033; x_wconf 87' lang='lat' dir='ltr'><strong>uit:</strong></span> <span class='ocrx_word' id='word_1_74' title='bbox 873 976 985 1035; x_wconf 84' lang='lat' dir='ltr'><strong>Similes</strong></span> <span class='ocrx_word' id='word_1_75' title='bbox 1004 974 1073 1034; x_wconf 86' lang='lat' dir='ltr'><strong>lacti</strong></span> <span class='ocrx_word' id='word_1_76' title='bbox 1094 986 1159 1035; x_wconf 88' lang='lat' dir='ltr'><strong>sunt</strong></span> <span class='ocrx_word' id='word_1_77' title='bbox 1181 978 1278 1051; x_wconf 89' lang='lat' dir='ltr'><strong>pueris</strong></span> 
     </span>
     <span class='ocr_line' id='line_1_10' title="bbox 104 1079 1277 1156; baseline -0.002 -14"><span class='ocrx_word' id='word_1_78' title='bbox 104 1085 133 1142; x_wconf 95' lang='lat' dir='ltr'><strong>in</strong></span> <span class='ocrx_word' id='word_1_79' title='bbox 149 1082 249 1156; x_wconf 72' lang='lat' dir='ltr'><strong>platos</strong></span> <span class='ocrx_word' id='word_1_80' title='bbox 267 1079 435 1141; x_wconf 72' lang='lat' dir='ltr'><strong>sedentibus</strong></span> <span class='ocrx_word' id='word_1_81' title='bbox 454 1088 483 1140; x_wconf 92' lang='lat' dir='ltr'><strong>et</strong></span> <span class='ocrx_word' id='word_1_82' title='bbox 504 1080 666 1139; x_wconf 71' lang='lat' dir='ltr'><strong>dicentibus</strong></span> <span class='ocrx_word' id='word_1_83' title='bbox 685 1080 830 1139; x_wconf 72' lang='lat' dir='ltr'><strong>sodalibus</strong></span> <span class='ocrx_word' id='word_1_84' title='bbox 850 1083 921 1138; x_wconf 89' lang='lat' dir='ltr'><strong>suis:</strong></span> <span class='ocrx_word' id='word_1_85' title='bbox 946 1081 1106 1139; x_wconf 71' lang='lat' dir='ltr'><strong>l&#39;ecinimus</strong></span> <span class='ocrx_word' id='word_1_86' title='bbox 1128 1082 1223 1153; x_wconf 78' lang='lat' dir='ltr'><strong>vobis,</strong></span> <span class='ocrx_word' id='word_1_87' title='bbox 1247 1089 1277 1140; x_wconf 91' lang='lat' dir='ltr'><strong>et</strong></span> 
     </span>
     <span class='ocr_line' id='line_1_11' title="bbox 104 1187 1277 1261; baseline 0 -16"><span class='ocrx_word' id='word_1_88' title='bbox 104 1203 160 1245; x_wconf 91' lang='lat' dir='ltr'><strong>non</strong></span> <span class='ocrx_word' id='word_1_89' title='bbox 175 1187 319 1259; x_wconf 73' lang='lat' dir='ltr'><strong>saltastis,</strong></span> <span class='ocrx_word' id='word_1_90' title='bbox 341 1187 516 1261; x_wconf 79' lang='lat' dir='ltr'><strong>plomvimus</strong></span> <span class='ocrx_word' id='word_1_91' title='bbox 531 1193 560 1246; x_wconf 89' lang='lat' dir='ltr'><strong>et</strong></span> <span class='ocrx_word' id='word_1_92' title='bbox 574 1203 633 1245; x_wconf 90' lang='lat' dir='ltr'><strong>non</strong></span> <span class='ocrx_word' id='word_1_93' title='bbox 648 1187 770 1244; x_wconf 86' lang='lat' dir='ltr'><strong>luxistis.</strong></span> <span class='ocrx_word' id='word_1_94' title='bbox 802 1187 840 1244; x_wconf 82' lang='lat' dir='ltr'><strong>Et</strong></span> <span class='ocrx_word' id='word_1_95' title='bbox 855 1202 942 1259; x_wconf 84' lang='lat' dir='ltr'><strong>quum</strong></span> <span class='ocrx_word' id='word_1_96' title='bbox 957 1187 1057 1257; x_wconf 82' lang='lat' dir='ltr'><strong>tinreo,</strong></span> <span class='ocrx_word' id='word_1_97' title='bbox 1074 1188 1178 1260; x_wconf 87' lang='lat' dir='ltr'><strong>inquit,</strong></span> <span class='ocrx_word' id='word_1_98' title='bbox 1195 1202 1232 1245; x_wconf 88' lang='lat' dir='ltr'><strong>ne</strong></span> <span class='ocrx_word' id='word_1_99' title='bbox 1247 1196 1277 1245; x_wconf 89' lang='lat' dir='ltr'><strong>et</strong></span> 
     </span>
     <span class='ocr_line' id='line_1_12' title="bbox 106 1289 1275 1365; baseline -0.003 -13"><span class='ocrx_word' id='word_1_100' title='bbox 106 1291 269 1357; x_wconf 68' lang='lat' dir='ltr'><strong>Germanis</strong></span> <span class='ocrx_word' id='word_1_101' title='bbox 282 1292 339 1351; x_wconf 87' lang='lat' dir='ltr'><strong>hoc</strong></span> <span class='ocrx_word' id='word_1_102' title='bbox 352 1293 480 1350; x_wconf 86' lang='lat' dir='ltr'><strong>insnum</strong></span> <span class='ocrx_word' id='word_1_103' title='bbox 494 1292 588 1349; x_wconf 89' lang='lat' dir='ltr'><strong>sinum</strong></span> <span class='ocrx_word' id='word_1_104' title='bbox 602 1289 723 1349; x_wconf 84' lang='lat' dir='ltr'><strong>diffluat.</strong></span> <span class='ocrx_word' id='word_1_105' title='bbox 754 1292 801 1349; x_wconf 89' lang='lat' dir='ltr'><strong>Ex</strong></span> <span class='ocrx_word' id='word_1_106' title='bbox 819 1291 909 1349; x_wconf 88' lang='lat' dir='ltr'><strong>multo</strong></span> <span class='ocrx_word' id='word_1_107' title='bbox 931 1299 1061 1365; x_wconf 88' lang='lat' dir='ltr'><strong>tempore</strong></span> <span class='ocrx_word' id='word_1_108' title='bbox 1083 1291 1201 1350; x_wconf 75' lang='lat' dir='ltr'><strong>verbum</strong></span> <span class='ocrx_word' id='word_1_109' title='bbox 1223 1290 1275 1349; x_wconf 92' lang='lat' dir='ltr'><strong>do·</strong></span> 
     </span>
     <span class='ocr_line' id='line_1_13' title="bbox 105 1397 1276 1471; baseline -0.003 -14"><span class='ocrx_word' id='word_1_110' title='bbox 105 1398 172 1457; x_wconf 91' lang='lat' dir='ltr'><strong>mini</strong></span> <span class='ocrx_word' id='word_1_111' title='bbox 186 1398 300 1457; x_wconf 84' lang='lat' dir='ltr'><strong>sineere</strong></span> <span class='ocrx_word' id='word_1_112' title='bbox 314 1397 473 1457; x_wconf 76' lang='lat' dir='ltr'><strong>audirimus</strong></span> <span class='ocrx_word' id='word_1_113' title='bbox 488 1402 519 1455; x_wconf 88' lang='lat' dir='ltr'><strong>et</strong></span> <span class='ocrx_word' id='word_1_114' title='bbox 533 1412 592 1454; x_wconf 92' lang='lat' dir='ltr'><strong>non</strong></span> <span class='ocrx_word' id='word_1_115' title='bbox 612 1412 763 1469; x_wconf 84' lang='lat' dir='ltr'><strong>possumus</strong></span> <span class='ocrx_word' id='word_1_116' title='bbox 784 1398 977 1470; x_wconf 81' lang='lat' dir='ltr'><strong>ignorantiam</strong></span> <span class='ocrx_word' id='word_1_117' title='bbox 997 1397 1195 1471; x_wconf 66' lang='lat' dir='ltr'><strong>praetendere,</strong></span> <span class='ocrx_word' id='word_1_118' title='bbox 1220 1398 1276 1454; x_wconf 89' lang='lat' dir='ltr'><strong>nisi</strong></span> 
     </span>
     <span class='ocr_line' id='line_1_14' title="bbox 105 1500 1274 1577; baseline 0.002 -18"><span class='ocrx_word' id='word_1_119' title='bbox 105 1501 178 1563; x_wconf 87' lang='lat' dir='ltr'><strong>lorte</strong></span> <span class='ocrx_word' id='word_1_120' title='bbox 191 1504 233 1577; x_wconf 88' lang='lat' dir='ltr'><strong>bi,</strong></span> <span class='ocrx_word' id='word_1_121' title='bbox 248 1501 355 1576; x_wconf 84' lang='lat' dir='ltr'><strong>quibus</strong></span> <span class='ocrx_word' id='word_1_122' title='bbox 368 1501 400 1561; x_wconf 92' lang='lat' dir='ltr'><strong>id</strong></span> <span class='ocrx_word' id='word_1_123' title='bbox 413 1502 514 1562; x_wconf 89' lang='lat' dir='ltr'><strong>audire</strong></span> <span class='ocrx_word' id='word_1_124' title='bbox 528 1508 558 1560; x_wconf 92' lang='lat' dir='ltr'><strong>et</strong></span> <span class='ocrx_word' id='word_1_125' title='bbox 573 1500 671 1561; x_wconf 76' lang='lat' dir='ltr'><strong>uidere</strong></span> <span class='ocrx_word' id='word_1_126' title='bbox 686 1519 743 1560; x_wconf 92' lang='lat' dir='ltr'><strong>non</strong></span> <span class='ocrx_word' id='word_1_127' title='bbox 758 1501 834 1560; x_wconf 88' lang='lat' dir='ltr'><strong>licet.</strong></span> <span class='ocrx_word' id='word_1_128' title='bbox 859 1500 931 1560; x_wconf 89' lang='lat' dir='ltr'><strong>Cum</strong></span> <span class='ocrx_word' id='word_1_129' title='bbox 946 1520 1015 1563; x_wconf 77' lang='lat' dir='ltr'><strong>sero</strong></span> <span class='ocrx_word' id='word_1_130' title='bbox 1024 1519 1101 1561; x_wconf 88' lang='lat' dir='ltr'><strong>nunc</strong></span> <span class='ocrx_word' id='word_1_131' title='bbox 1111 1503 1274 1577; x_wconf 87' lang='lat' dir='ltr'><strong>persecutio</strong></span> 
     </span>
     <span class='ocr_line' id='line_1_15' title="bbox 106 1606 1274 1682; baseline -0.003 -14"><span class='ocrx_word' id='word_1_132' title='bbox 106 1608 205 1681; x_wconf 86' lang='lat' dir='ltr'><strong>instet,</strong></span> <span class='ocrx_word' id='word_1_133' title='bbox 229 1606 418 1682; x_wconf 63' lang='lat' dir='ltr'><strong>adornemus</strong></span> <span class='ocrx_word' id='word_1_134' title='bbox 432 1614 462 1666; x_wconf 85' lang='lat' dir='ltr'><strong>ot</strong></span> <span class='ocrx_word' id='word_1_135' title='bbox 480 1623 645 1679; x_wconf 68' lang='lat' dir='ltr'><strong>mammas,</strong></span> <span class='ocrx_word' id='word_1_136' title='bbox 667 1623 704 1665; x_wconf 93' lang='lat' dir='ltr'><strong>ne</strong></span> <span class='ocrx_word' id='word_1_137' title='bbox 724 1608 761 1666; x_wconf 87' lang='lat' dir='ltr'><strong>ab</strong></span> <span class='ocrx_word' id='word_1_138' title='bbox 782 1624 817 1666; x_wconf 91' lang='lat' dir='ltr'><strong>eo</strong></span> <span class='ocrx_word' id='word_1_139' title='bbox 836 1606 1009 1667; x_wconf 78' lang='lat' dir='ltr'><strong>relabemur.</strong></span> <span class='ocrx_word' id='word_1_140' title='bbox 1039 1608 1159 1667; x_wconf 80' lang='lat' dir='ltr'><strong>Addidit</strong></span> <span class='ocrx_word' id='word_1_141' title='bbox 1178 1614 1274 1667; x_wconf 86' lang='lat' dir='ltr'><strong>autem</strong></span> 
     </span>
     <span class='ocr_line' id='line_1_16' title="bbox 108 1711 1277 1787; baseline -0.002 -14"><span class='ocrx_word' id='word_1_142' title='bbox 108 1711 236 1773; x_wconf 76' lang='lat' dir='ltr'><strong>cbristus</strong></span> <span class='ocrx_word' id='word_1_143' title='bbox 250 1729 328 1771; x_wconf 86' lang='lat' dir='ltr'><strong>nuno</strong></span> <span class='ocrx_word' id='word_1_144' title='bbox 346 1730 406 1773; x_wconf 90' lang='lat' dir='ltr'><strong>non</strong></span> <span class='ocrx_word' id='word_1_145' title='bbox 422 1712 532 1773; x_wconf 87' lang='lat' dir='ltr'><strong>babere</strong></span> <span class='ocrx_word' id='word_1_146' title='bbox 550 1712 683 1787; x_wconf 80' lang='lat' dir='ltr'><strong>Judaeos,</strong></span> <span class='ocrx_word' id='word_1_147' title='bbox 707 1712 785 1785; x_wconf 91' lang='lat' dir='ltr'><strong>quod</strong></span> <span class='ocrx_word' id='word_1_148' title='bbox 807 1722 925 1785; x_wconf 88' lang='lat' dir='ltr'><strong>peccato</strong></span> <span class='ocrx_word' id='word_1_149' title='bbox 945 1730 998 1771; x_wconf 89' lang='lat' dir='ltr'><strong>suo</strong></span> <span class='ocrx_word' id='word_1_150' title='bbox 1018 1720 1193 1786; x_wconf 68' lang='lat' dir='ltr'><strong>praetexant,</strong></span> <span class='ocrx_word' id='word_1_151' title='bbox 1218 1730 1277 1771; x_wconf 85' lang='lat' dir='ltr'><strong>non</strong></span> 
     </span>
     <span class='ocr_line' id='line_1_17' title="bbox 109 1816 1278 1891; baseline -0.002 -12"><span class='ocrx_word' id='word_1_152' title='bbox 109 1816 186 1879; x_wconf 75' lang='lat' dir='ltr'><strong>diat:</strong></span> <span class='ocrx_word' id='word_1_153' title='bbox 208 1818 281 1879; x_wconf 82' lang='lat' dir='ltr'><strong>Non</strong></span> <span class='ocrx_word' id='word_1_154' title='bbox 294 1834 327 1877; x_wconf 90' lang='lat' dir='ltr'><strong>se</strong></span> <span class='ocrx_word' id='word_1_155' title='bbox 341 1819 531 1891; x_wconf 64' lang='lat' dir='ltr'><strong>monebunt</strong></span> <span class='ocrx_word' id='word_1_156' title='bbox 550 1819 602 1877; x_wconf 88' lang='lat' dir='ltr'><strong>sed</strong></span> <span class='ocrx_word' id='word_1_157' title='bbox 617 1835 676 1877; x_wconf 91' lang='lat' dir='ltr'><strong>non</strong></span> <span class='ocrx_word' id='word_1_158' title='bbox 689 1818 811 1891; x_wconf 85' lang='lat' dir='ltr'><strong>habent,</strong></span> <span class='ocrx_word' id='word_1_159' title='bbox 835 1835 891 1891; x_wconf 85' lang='lat' dir='ltr'><strong>quo</strong></span> <span class='ocrx_word' id='word_1_160' title='bbox 907 1836 938 1877; x_wconf 91' lang='lat' dir='ltr'><strong>se</strong></span> <span class='ocrx_word' id='word_1_161' title='bbox 953 1826 1098 1877; x_wconf 83' lang='lat' dir='ltr'><strong>excusent.</strong></span> <span class='ocrx_word' id='word_1_162' title='bbox 1130 1818 1217 1877; x_wconf 78' lang='lat' dir='ltr'><strong>Aliud</strong></span> <span class='ocrx_word' id='word_1_163' title='bbox 1232 1823 1278 1877; x_wconf 89' lang='lat' dir='ltr'><strong>est</strong></span> 
     </span>
     <span class='ocr_line' id='line_1_18' title="bbox 110 1924 1277 1997; baseline 0 -16"><span class='ocrx_word' id='word_1_164' title='bbox 110 1924 182 1983; x_wconf 88' lang='lat' dir='ltr'><strong>enim</strong></span> <span class='ocrx_word' id='word_1_165' title='bbox 195 1930 225 1983; x_wconf 86' lang='lat' dir='ltr'><strong>to</strong></span> <span class='ocrx_word' id='word_1_166' title='bbox 239 1940 301 1983; x_wconf 87' lang='lat' dir='ltr'><strong>non</strong></span> <span class='ocrx_word' id='word_1_167' title='bbox 323 1938 477 1997; x_wconf 70' lang='lat' dir='ltr'><strong>morsare,</strong></span> <span class='ocrx_word' id='word_1_168' title='bbox 500 1930 530 1983; x_wconf 92' lang='lat' dir='ltr'><strong>et</strong></span> <span class='ocrx_word' id='word_1_169' title='bbox 549 1924 641 1995; x_wconf 87' lang='lat' dir='ltr'><strong>aliud,</strong></span> <span class='ocrx_word' id='word_1_170' title='bbox 664 1940 722 1997; x_wconf 90' lang='lat' dir='ltr'><strong>quo</strong></span> <span class='ocrx_word' id='word_1_171' title='bbox 742 1931 772 1982; x_wconf 88' lang='lat' dir='ltr'><strong>te</strong></span> <span class='ocrx_word' id='word_1_172' title='bbox 792 1940 910 1984; x_wconf 82' lang='lat' dir='ltr'><strong>excuses</strong></span> <span class='ocrx_word' id='word_1_173' title='bbox 932 1940 990 1983; x_wconf 89' lang='lat' dir='ltr'><strong>non</strong></span> <span class='ocrx_word' id='word_1_174' title='bbox 1007 1925 1124 1983; x_wconf 88' lang='lat' dir='ltr'><strong>habere.</strong></span> <span class='ocrx_word' id='word_1_175' title='bbox 1164 1924 1277 1981; x_wconf 68' lang='lat' dir='ltr'><strong>Natura</strong></span> 
     </span>
     <span class='ocr_line' id='line_1_19' title="bbox 110 2029 1277 2104; baseline -0.003 -15"><span class='ocrx_word' id='word_1_176' title='bbox 110 2031 179 2089; x_wconf 87' lang='lat' dir='ltr'><strong>enim</strong></span> <span class='ocrx_word' id='word_1_177' title='bbox 192 2030 250 2091; x_wconf 87' lang='lat' dir='ltr'><strong>boc</strong></span> <span class='ocrx_word' id='word_1_178' title='bbox 264 2029 396 2090; x_wconf 87' lang='lat' dir='ltr'><strong>omnibus</strong></span> <span class='ocrx_word' id='word_1_179' title='bbox 410 2032 540 2089; x_wconf 86' lang='lat' dir='ltr'><strong>innatum</strong></span> <span class='ocrx_word' id='word_1_180' title='bbox 555 2036 649 2104; x_wconf 70' lang='lat' dir='ltr'><strong>estut</strong></span> <span class='ocrx_word' id='word_1_181' title='bbox 663 2031 694 2088; x_wconf 93' lang='lat' dir='ltr'><strong>in</strong></span> <span class='ocrx_word' id='word_1_182' title='bbox 708 2033 809 2103; x_wconf 80' lang='lat' dir='ltr'><strong>quovis</strong></span> <span class='ocrx_word' id='word_1_183' title='bbox 825 2032 929 2091; x_wconf 89' lang='lat' dir='ltr'><strong>delicto</strong></span> <span class='ocrx_word' id='word_1_184' title='bbox 943 2032 1073 2090; x_wconf 88' lang='lat' dir='ltr'><strong>homines</strong></span> <span class='ocrx_word' id='word_1_185' title='bbox 1088 2046 1119 2089; x_wconf 88' lang='lat' dir='ltr'><strong>se</strong></span> <span class='ocrx_word' id='word_1_186' title='bbox 1138 2044 1277 2087; x_wconf 74' lang='lat' dir='ltr'><strong>excusare</strong></span> 
     </span>
     <span class='ocr_line' id='line_1_20' title="bbox 109 2134 1278 2210; baseline -0.003 -16"><span class='ocrx_word' id='word_1_187' title='bbox 109 2142 252 2195; x_wconf 81' lang='lat' dir='ltr'><strong>conentur.</strong></span> <span class='ocrx_word' id='word_1_188' title='bbox 292 2135 342 2195; x_wconf 88' lang='lat' dir='ltr'><strong>Sic</strong></span> <span class='ocrx_word' id='word_1_189' title='bbox 362 2136 472 2210; x_wconf 89' lang='lat' dir='ltr'><strong>primus</strong></span> <span class='ocrx_word' id='word_1_190' title='bbox 493 2152 599 2210; x_wconf 86' lang='lat' dir='ltr'><strong>parens</strong></span> <span class='ocrx_word' id='word_1_191' title='bbox 619 2142 717 2195; x_wconf 90' lang='lat' dir='ltr'><strong>noster</strong></span> <span class='ocrx_word' id='word_1_192' title='bbox 737 2136 863 2195; x_wconf 84' lang='lat' dir='ltr'><strong>Adamas</strong></span> <span class='ocrx_word' id='word_1_193' title='bbox 886 2137 1050 2210; x_wconf 82' lang='lat' dir='ltr'><strong>alloquente</strong></span> <span class='ocrx_word' id='word_1_194' title='bbox 1072 2154 1137 2196; x_wconf 80' lang='lat' dir='ltr'><strong>euin</strong></span> <span class='ocrx_word' id='word_1_195' title='bbox 1162 2134 1278 2194; x_wconf 89' lang='lat' dir='ltr'><strong>domino</strong></span> 
     </span>
     <span class='ocr_line' id='line_1_21' title="bbox 109 2239 1275 2317; baseline 0.002 -20"><span class='ocrx_word' id='word_1_196' title='bbox 109 2239 143 2299; x_wconf 91' lang='lat' dir='ltr'><strong>ob</strong></span> <span class='ocrx_word' id='word_1_197' title='bbox 155 2258 236 2303; x_wconf 87' lang='lat' dir='ltr'><strong>esum</strong></span> <span class='ocrx_word' id='word_1_198' title='bbox 250 2242 344 2317; x_wconf 89' lang='lat' dir='ltr'><strong>pomi,</strong></span> <span class='ocrx_word' id='word_1_199' title='bbox 367 2243 424 2301; x_wconf 87' lang='lat' dir='ltr'><strong>ait:</strong></span> <span class='ocrx_word' id='word_1_200' title='bbox 447 2241 567 2314; x_wconf 85' lang='lat' dir='ltr'><strong>Mulier,</strong></span> <span class='ocrx_word' id='word_1_201' title='bbox 591 2257 677 2313; x_wconf 88' lang='lat' dir='ltr'><strong>quam</strong></span> <span class='ocrx_word' id='word_1_202' title='bbox 692 2240 894 2314; x_wconf 68' lang='lat' dir='ltr'><strong>dediscimus,</strong></span> <span class='ocrx_word' id='word_1_203' title='bbox 917 2243 996 2302; x_wconf 86' lang='lat' dir='ltr'><strong>dedit</strong></span> <span class='ocrx_word' id='word_1_204' title='bbox 1016 2244 1085 2301; x_wconf 72' lang='lat' dir='ltr'><strong>nulli</strong></span> <span class='ocrx_word' id='word_1_205' title='bbox 1105 2243 1142 2300; x_wconf 86' lang='lat' dir='ltr'><strong>de.</strong></span> <span class='ocrx_word' id='word_1_206' title='bbox 1161 2240 1275 2299; x_wconf 87' lang='lat' dir='ltr'><strong>arbore.</strong></span> 
     </span>
     <span class='ocr_line' id='line_1_22' title="bbox 110 2346 1275 2421; baseline -0.005 -12"><span class='ocrx_word' id='word_1_207' title='bbox 110 2347 168 2409; x_wconf 80' lang='lat' dir='ltr'><strong>Eva</strong></span> <span class='ocrx_word' id='word_1_208' title='bbox 180 2354 279 2409; x_wconf 86' lang='lat' dir='ltr'><strong>autem</strong></span> <span class='ocrx_word' id='word_1_209' title='bbox 294 2348 380 2409; x_wconf 88' lang='lat' dir='ltr'><strong>dixit:</strong></span> <span class='ocrx_word' id='word_1_210' title='bbox 405 2347 531 2421; x_wconf 81' lang='lat' dir='ltr'><strong>Serpens</strong></span> <span class='ocrx_word' id='word_1_211' title='bbox 547 2347 660 2421; x_wconf 87' lang='lat' dir='ltr'><strong>decepit</strong></span> <span class='ocrx_word' id='word_1_212' title='bbox 679 2364 725 2406; x_wconf 88' lang='lat' dir='ltr'><strong>me</strong></span> <span class='ocrx_word' id='word_1_213' title='bbox 746 2354 777 2405; x_wconf 89' lang='lat' dir='ltr'><strong>ut</strong></span> <span class='ocrx_word' id='word_1_214' title='bbox 793 2350 981 2409; x_wconf 85' lang='lat' dir='ltr'><strong>comederem.</strong></span> <span class='ocrx_word' id='word_1_215' title='bbox 1006 2348 1110 2407; x_wconf 80' lang='lat' dir='ltr'><strong>lienes.</strong></span> <span class='ocrx_word' id='word_1_216' title='bbox 1129 2352 1157 2406; x_wconf 85' lang='lat'><strong>3.</strong></span> <span class='ocrx_word' id='word_1_217' title='bbox 1190 2346 1275 2405; x_wconf 85' lang='lat' dir='ltr'><strong>l&#39;idc·</strong></span> 
     </span>
     <span class='ocr_line' id='line_1_23' title="bbox 111 2452 1273 2529; baseline -0.003 -17"><span class='ocrx_word' id='word_1_218' title='bbox 111 2470 167 2513; x_wconf 92' lang='lat' dir='ltr'><strong>nus</strong></span> <span class='ocrx_word' id='word_1_219' title='bbox 179 2454 257 2515; x_wconf 90' lang='lat' dir='ltr'><strong>idem</strong></span> <span class='ocrx_word' id='word_1_220' title='bbox 271 2456 302 2514; x_wconf 92' lang='lat' dir='ltr'><strong>in</strong></span> <span class='ocrx_word' id='word_1_221' title='bbox 316 2455 415 2529; x_wconf 90' lang='lat' dir='ltr'><strong>pueris</strong></span> <span class='ocrx_word' id='word_1_222' title='bbox 430 2455 612 2527; x_wconf 68' lang='lat' dir='ltr'><strong>quantinus</strong></span> <span class='ocrx_word' id='word_1_223' title='bbox 627 2455 755 2527; x_wconf 89' lang='lat' dir='ltr'><strong>tenellis,</strong></span> <span class='ocrx_word' id='word_1_224' title='bbox 778 2456 802 2512; x_wconf 88' lang='lat' dir='ltr'><strong>si</strong></span> <span class='ocrx_word' id='word_1_225' title='bbox 818 2453 889 2526; x_wconf 86' lang='lat' dir='ltr'><strong>quid</strong></span> <span class='ocrx_word' id='word_1_226' title='bbox 903 2454 1085 2523; x_wconf 76' lang='lat' dir='ltr'><strong>admiserint,</strong></span> <span class='ocrx_word' id='word_1_227' title='bbox 1108 2452 1202 2511; x_wconf 87' lang='lat' dir='ltr'><strong>subito</strong></span> <span class='ocrx_word' id='word_1_228' title='bbox 1224 2468 1273 2509; x_wconf 89' lang='lat' dir='ltr'><strong>cx·</strong></span> 
     </span>
     <span class='ocr_line' id='line_1_24' title="bbox 112 2557 1276 2633; baseline -0.006 -13"><span class='ocrx_word' id='word_1_229' title='bbox 112 2561 283 2620; x_wconf 68' lang='lat' dir='ltr'><strong>trudonem</strong></span> <span class='ocrx_word' id='word_1_230' title='bbox 291 2560 352 2619; x_wconf 88' lang='lat' dir='ltr'><strong>suis</strong></span> <span class='ocrx_word' id='word_1_231' title='bbox 367 2560 523 2619; x_wconf 87' lang='lat' dir='ltr'><strong>commissis</strong></span> <span class='ocrx_word' id='word_1_232' title='bbox 538 2564 707 2633; x_wconf 77' lang='lat' dir='ltr'><strong>praetexere.</strong></span> <span class='ocrx_word' id='word_1_233' title='bbox 732 2559 790 2617; x_wconf 86' lang='lat' dir='ltr'><strong>Sed</strong></span> <span class='ocrx_word' id='word_1_234' title='bbox 804 2575 862 2617; x_wconf 89' lang='lat' dir='ltr'><strong>non</strong></span> <span class='ocrx_word' id='word_1_235' title='bbox 877 2561 918 2617; x_wconf 91' lang='lat' dir='ltr'><strong>sic</strong></span> <span class='ocrx_word' id='word_1_236' title='bbox 933 2574 985 2616; x_wconf 87' lang='lat' dir='ltr'><strong>nos</strong></span> <span class='ocrx_word' id='word_1_237' title='bbox 1000 2575 1128 2631; x_wconf 84' lang='lat' dir='ltr'><strong>agamus,</strong></span> <span class='ocrx_word' id='word_1_238' title='bbox 1146 2574 1163 2614; x_wconf 95' lang='lat' dir='ltr'><strong>o</strong></span> <span class='ocrx_word' id='word_1_239' title='bbox 1180 2557 1276 2615; x_wconf 86' lang='lat' dir='ltr'><strong>dilecti</strong></span> 
     </span>
     <span class='ocr_line' id='line_1_25' title="bbox 113 2662 1273 2740; baseline -0.002 -19"><span class='ocrx_word' id='word_1_240' title='bbox 113 2662 269 2740; x_wconf 83' lang='lat' dir='ltr'><strong>inGbristo,</strong></span> <span class='ocrx_word' id='word_1_241' title='bbox 284 2680 475 2739; x_wconf 74' lang='lat' dir='ltr'><strong>agnoscamus</strong></span> <span class='ocrx_word' id='word_1_242' title='bbox 489 2664 724 2738; x_wconf 79' lang='lat' dir='ltr'><strong>ingratitudinem</strong></span> <span class='ocrx_word' id='word_1_243' title='bbox 739 2669 866 2723; x_wconf 86' lang='lat' dir='ltr'><strong>nostram</strong></span> <span class='ocrx_word' id='word_1_244' title='bbox 882 2670 911 2722; x_wconf 89' lang='lat' dir='ltr'><strong>et</strong></span> <span class='ocrx_word' id='word_1_245' title='bbox 925 2680 977 2722; x_wconf 88' lang='lat' dir='ltr'><strong>nos</strong></span> <span class='ocrx_word' id='word_1_246' title='bbox 992 2680 1055 2721; x_wconf 88' lang='lat' dir='ltr'><strong>cum</strong></span> <span class='ocrx_word' id='word_1_247' title='bbox 1070 2670 1146 2721; x_wconf 84' lang='lat' dir='ltr'><strong>reste</strong></span> <span class='ocrx_word' id='word_1_248' title='bbox 1161 2662 1199 2722; x_wconf 89' lang='lat' dir='ltr'><strong>ad</strong></span> <span class='ocrx_word' id='word_1_249' title='bbox 1215 2663 1273 2719; x_wconf 90' lang='lat' dir='ltr'><strong>col-</strong></span> 
     </span>
     <span class='ocr_line' id='line_1_26' title="bbox 115 2764 1276 2844; baseline 0 -17"><span class='ocrx_word' id='word_1_250' title='bbox 115 2764 164 2827; x_wconf 88' lang='lat' dir='ltr'><strong>lum</strong></span> <span class='ocrx_word' id='word_1_251' title='bbox 176 2776 246 2829; x_wconf 82' lang='lat' dir='ltr'><strong>unte</strong></span> <span class='ocrx_word' id='word_1_252' title='bbox 261 2768 309 2829; x_wconf 86' lang='lat' dir='ltr'><strong>dei</strong></span> <span class='ocrx_word' id='word_1_253' title='bbox 323 2767 425 2829; x_wconf 76' lang='lat' dir='ltr'><strong>molem</strong></span> <span class='ocrx_word' id='word_1_254' title='bbox 438 2771 622 2844; x_wconf 74' lang='lat' dir='ltr'><strong>proiiciamus</strong></span> <span class='ocrx_word' id='word_1_255' title='bbox 636 2770 747 2831; x_wconf 77' lang='lat' dir='ltr'><strong>veniam</strong></span> <span class='ocrx_word' id='word_1_256' title='bbox 763 2764 893 2842; x_wconf 81' lang='lat' dir='ltr'><strong>petentes</strong></span> <span class='ocrx_word' id='word_1_257' title='bbox 909 2787 1018 2843; x_wconf 88' lang='lat' dir='ltr'><strong>nosque</strong></span> <span class='ocrx_word' id='word_1_258' title='bbox 1034 2776 1200 2844; x_wconf 75' lang='lat' dir='ltr'><strong>peccatores</strong></span> <span class='ocrx_word' id='word_1_259' title='bbox 1226 2786 1276 2841; x_wconf 80' lang='lat' dir='ltr'><strong>ag-</strong></span> 
     </span>
     <span class='ocr_line' id='line_1_27' title="bbox 117 2874 1278 2949; baseline -0.003 -15"><span class='ocrx_word' id='word_1_260' title='bbox 117 2880 267 2949; x_wconf 85' lang='lat' dir='ltr'><strong>tosoontes,</strong></span> <span class='ocrx_word' id='word_1_261' title='bbox 281 2874 331 2934; x_wconf 93' lang='lat' dir='ltr'><strong>ille</strong></span> <span class='ocrx_word' id='word_1_262' title='bbox 346 2876 432 2949; x_wconf 90' lang='lat' dir='ltr'><strong>enim,</strong></span> <span class='ocrx_word' id='word_1_263' title='bbox 448 2875 498 2947; x_wconf 87' lang='lat' dir='ltr'><strong>qui</strong></span> <span class='ocrx_word' id='word_1_264' title='bbox 511 2892 569 2934; x_wconf 92' lang='lat' dir='ltr'><strong>non</strong></span> <span class='ocrx_word' id='word_1_265' title='bbox 583 2875 709 2935; x_wconf 86' lang='lat' dir='ltr'><strong>audebat</strong></span> <span class='ocrx_word' id='word_1_266' title='bbox 724 2876 761 2934; x_wconf 86' lang='lat' dir='ltr'><strong>ad</strong></span> <span class='ocrx_word' id='word_1_267' title='bbox 776 2876 880 2933; x_wconf 80' lang='lat' dir='ltr'><strong>coelunr</strong></span> <span class='ocrx_word' id='word_1_268' title='bbox 896 2877 993 2935; x_wconf 91' lang='lat' dir='ltr'><strong>oculos</strong></span> <span class='ocrx_word' id='word_1_269' title='bbox 1008 2876 1151 2948; x_wconf 79' lang='lat' dir='ltr'><strong>attollere,</strong></span> <span class='ocrx_word' id='word_1_270' title='bbox 1168 2876 1278 2946; x_wconf 85' lang='lat' dir='ltr'><strong>dicens,</strong></span> 
     </span>
     <span class='ocr_line' id='line_1_28' title="bbox 118 2976 1277 3055; baseline -0.001 -16"><span class='ocrx_word' id='word_1_271' title='bbox 118 2976 184 3039; x_wconf 84' lang='lat' dir='ltr'><strong>beas</strong></span> <span class='ocrx_word' id='word_1_272' title='bbox 198 2987 263 3041; x_wconf 90' lang='lat' dir='ltr'><strong>osto</strong></span> <span class='ocrx_word' id='word_1_273' title='bbox 277 2982 420 3055; x_wconf 90' lang='lat' dir='ltr'><strong>propitius</strong></span> <span class='ocrx_word' id='word_1_274' title='bbox 433 2980 504 3039; x_wconf 90' lang='lat' dir='ltr'><strong>mihi</strong></span> <span class='ocrx_word' id='word_1_275' title='bbox 521 2982 680 3055; x_wconf 81' lang='lat' dir='ltr'><strong>peccatori,</strong></span> <span class='ocrx_word' id='word_1_276' title='bbox 701 2979 875 3053; x_wconf 87' lang='lat' dir='ltr'><strong>justificatus</strong></span> <span class='ocrx_word' id='word_1_277' title='bbox 896 2981 951 3039; x_wconf 88' lang='lat' dir='ltr'><strong>dici</strong></span> <span class='ocrx_word' id='word_1_278' title='bbox 971 2982 1084 3039; x_wconf 89' lang='lat' dir='ltr'><strong>meruit.</strong></span> <span class='ocrx_word' id='word_1_279' title='bbox 1116 2982 1277 3055; x_wconf 79' lang='lat' dir='ltr'><strong>llypocrito</strong></span> 
     </span>
     <span class='ocr_line' id='line_1_29' title="bbox 120 3084 1275 3161; baseline 0 -18"><span class='ocrx_word' id='word_1_280' title='bbox 120 3102 174 3147; x_wconf 77' lang='lat' dir='ltr'><strong>toro</strong></span> <span class='ocrx_word' id='word_1_281' title='bbox 187 3088 245 3147; x_wconf 86' lang='lat' dir='ltr'><strong>isto</strong></span> <span class='ocrx_word' id='word_1_282' title='bbox 259 3102 292 3147; x_wconf 87' lang='lat' dir='ltr'><strong>so</strong></span> <span class='ocrx_word' id='word_1_283' title='bbox 306 3102 448 3147; x_wconf 86' lang='lat' dir='ltr'><strong>excusans</strong></span> <span class='ocrx_word' id='word_1_284' title='bbox 463 3092 493 3145; x_wconf 88' lang='lat' dir='ltr'><strong>et</strong></span> <span class='ocrx_word' id='word_1_285' title='bbox 507 3087 686 3145; x_wconf 73' lang='lat' dir='ltr'><strong>sanctitatem</strong></span> <span class='ocrx_word' id='word_1_286' title='bbox 701 3088 885 3159; x_wconf 79' lang='lat' dir='ltr'><strong>praetendens</strong></span> <span class='ocrx_word' id='word_1_287' title='bbox 901 3089 1073 3161; x_wconf 86' lang='lat' dir='ltr'><strong>reprobatus</strong></span> <span class='ocrx_word' id='word_1_288' title='bbox 1088 3085 1168 3145; x_wconf 85' lang='lat' dir='ltr'><strong>abiit.</strong></span> <span class='ocrx_word' id='word_1_289' title='bbox 1202 3084 1275 3144; x_wconf 76' lang='lat' dir='ltr'><strong>Con·</strong></span> 
     </span>
     <span class='ocr_line' id='line_1_30' title="bbox 122 3189 1274 3267; baseline -0.003 -16"><span class='ocrx_word' id='word_1_290' title='bbox 122 3192 176 3252; x_wconf 80' lang='lat' dir='ltr'><strong>ads</strong></span> <span class='ocrx_word' id='word_1_291' title='bbox 189 3192 281 3267; x_wconf 77' lang='lat' dir='ltr'><strong>igitur</strong></span> <span class='ocrx_word' id='word_1_292' title='bbox 294 3192 454 3266; x_wconf 89' lang='lat' dir='ltr'><strong>propitius,</strong></span> <span class='ocrx_word' id='word_1_293' title='bbox 477 3209 495 3251; x_wconf 94' lang='lat' dir='ltr'><strong>o</strong></span> <span class='ocrx_word' id='word_1_294' title='bbox 511 3191 624 3252; x_wconf 87' lang='lat' dir='ltr'><strong>domine</strong></span> <span class='ocrx_word' id='word_1_295' title='bbox 638 3190 718 3266; x_wconf 89' lang='lat' dir='ltr'><strong>deus,</strong></span> <span class='ocrx_word' id='word_1_296' title='bbox 734 3200 766 3251; x_wconf 87' lang='lat' dir='ltr'><strong>ut</strong></span> <span class='ocrx_word' id='word_1_297' title='bbox 782 3191 899 3251; x_wconf 83' lang='lat' dir='ltr'><strong>verbum</strong></span> <span class='ocrx_word' id='word_1_298' title='bbox 915 3199 995 3251; x_wconf 88' lang='lat' dir='ltr'><strong>tuum</strong></span> <span class='ocrx_word' id='word_1_299' title='bbox 1011 3194 1049 3252; x_wconf 87' lang='lat' dir='ltr'><strong>sit</strong></span> <span class='ocrx_word' id='word_1_300' title='bbox 1063 3194 1179 3250; x_wconf 84' lang='lat' dir='ltr'><strong>lucerua</strong></span> <span class='ocrx_word' id='word_1_301' title='bbox 1195 3189 1274 3265; x_wconf 88' lang='lat' dir='ltr'><strong>podi-</strong></span> 
     </span>
     <span class='ocr_line' id='line_1_31' title="bbox 123 3294 1275 3373; baseline -0.004 -16"><span class='ocrx_word' id='word_1_302' title='bbox 123 3310 160 3357; x_wconf 81' lang='lat' dir='ltr'><strong>tm</strong></span> <span class='ocrx_word' id='word_1_303' title='bbox 173 3298 285 3359; x_wconf 88' lang='lat' dir='ltr'><strong>nostris</strong></span> <span class='ocrx_word' id='word_1_304' title='bbox 300 3304 380 3357; x_wconf 87' lang='lat' dir='ltr'><strong>eleo</strong></span> <span class='ocrx_word' id='word_1_305' title='bbox 394 3297 494 3357; x_wconf 88' lang='lat' dir='ltr'><strong>audito</strong></span> <span class='ocrx_word' id='word_1_306' title='bbox 508 3299 674 3371; x_wconf 85' lang='lat' dir='ltr'><strong>perenniter</strong></span> <span class='ocrx_word' id='word_1_307' title='bbox 689 3297 897 3373; x_wconf 69' lang='lat' dir='ltr'><strong>adhaereamus,</strong></span> <span class='ocrx_word' id='word_1_308' title='bbox 912 3299 997 3372; x_wconf 84' lang='lat' dir='ltr'><strong>idque</strong></span> <span class='ocrx_word' id='word_1_309' title='bbox 1012 3316 1065 3373; x_wconf 86' lang='lat' dir='ltr'><strong>per</strong></span> <span class='ocrx_word' id='word_1_310' title='bbox 1080 3298 1178 3355; x_wconf 78' lang='lat' dir='ltr'><strong>lesum</strong></span> <span class='ocrx_word' id='word_1_311' title='bbox 1195 3294 1275 3355; x_wconf 84' lang='lat' dir='ltr'><strong>Chri-</strong></span> 
     </span>
     <span class='ocr_line' id='line_1_32' title="bbox 125 3402 621 3463; baseline -0.006 0"><span class='ocrx_word' id='word_1_312' title='bbox 125 3404 181 3463; x_wconf 80' lang='lat' dir='ltr'><strong>ttm</strong></span> <span class='ocrx_word' id='word_1_313' title='bbox 195 3403 344 3463; x_wconf 89' lang='lat' dir='ltr'><strong>dominum</strong></span> <span class='ocrx_word' id='word_1_314' title='bbox 357 3408 496 3463; x_wconf 85' lang='lat' dir='ltr'><strong>nostrum.</strong></span> <span class='ocrx_word' id='word_1_315' title='bbox 519 3402 621 3461; x_wconf 85' lang='lat' dir='ltr'><strong>Amen.</strong></span> 
     </span>
    </p>

    <p class='ocr_par' dir='ltr' id='par_1_3' title="bbox 127 3506 1279 4317">
     <span class='ocr_line' id='line_1_33' title="bbox 193 3506 1276 3583; baseline -0.004 -14"><span class='ocrx_word' id='word_1_316' title='bbox 193 3507 420 3569; x_wconf 71' lang='lat' dir='ltr'><strong>Rovmtentibus</strong></span> <span class='ocrx_word' id='word_1_317' title='bbox 434 3506 515 3568; x_wconf 91' lang='lat' dir='ltr'><strong>nobis</strong></span> <span class='ocrx_word' id='word_1_318' title='bbox 530 3525 547 3568; x_wconf 89' lang='lat' dir='ltr'><strong>e</strong></span> <span class='ocrx_word' id='word_1_319' title='bbox 561 3510 668 3583; x_wconf 88' lang='lat' dir='ltr'><strong>templo</strong></span> <span class='ocrx_word' id='word_1_320' title='bbox 684 3509 818 3569; x_wconf 87' lang='lat' dir='ltr'><strong>Liborius</strong></span> <span class='ocrx_word' id='word_1_321' title='bbox 834 3508 947 3568; x_wconf 78' lang='lat' dir='ltr'><strong>obviam</strong></span> <span class='ocrx_word' id='word_1_322' title='bbox 968 3508 1009 3567; x_wconf 83' lang='lat' dir='ltr'><strong>fit.</strong></span> <span class='ocrx_word' id='word_1_323' title='bbox 1042 3509 1205 3567; x_wconf 82' lang='lat' dir='ltr'><strong>Statueronr</strong></span> <span class='ocrx_word' id='word_1_324' title='bbox 1225 3525 1276 3565; x_wconf 87' lang='lat' dir='ltr'><strong>au-</strong></span> 
     </span>
     <span class='ocr_line' id='line_1_34' title="bbox 127 3590 1277 3688; baseline -0.003 -15"><span class='ocrx_word' id='word_1_325' title='bbox 127 3624 165 3673; x_wconf 80' lang='grc' dir='ltr'><strong>Ιι</strong></span> <span class='ocrx_word' id='word_1_326' title='bbox 176 3590 510 3688; x_wconf 55' lang='lat' dir='ltr'><strong>immurmurare,</strong></span> <span class='ocrx_word' id='word_1_327' title='bbox 534 3613 662 3673; x_wconf 87' lang='lat' dir='ltr'><strong>sedtum</strong></span> <span class='ocrx_word' id='word_1_328' title='bbox 677 3614 826 3673; x_wconf 88' lang='lat' dir='ltr'><strong>consilium</strong></span> <span class='ocrx_word' id='word_1_329' title='bbox 841 3615 950 3674; x_wconf 85' lang='lat' dir='ltr'><strong>Liborii</strong></span> <span class='ocrx_word' id='word_1_330' title='bbox 967 3622 995 3673; x_wconf 90' lang='lat' dir='ltr'><strong>et</strong></span> <span class='ocrx_word' id='word_1_331' title='bbox 1015 3614 1091 3687; x_wconf 87' lang='lat' dir='ltr'><strong>quod</strong></span> <span class='ocrx_word' id='word_1_332' title='bbox 1113 3613 1225 3685; x_wconf 77' lang='lat' dir='ltr'><strong>l&#39;iglius</strong></span> <span class='ocrx_word' id='word_1_333' title='bbox 1248 3612 1277 3669; x_wconf 83' lang='lat' dir='ltr'><strong>ia</strong></span> 
     </span>
     <span class='ocr_line' id='line_1_35' title="bbox 129 3718 1277 3795; baseline -0.01 -16"><span class='ocrx_word' id='word_1_334' title='bbox 129 3718 207 3779; x_wconf 65' lang='lat' dir='ltr'><strong>dem</strong></span> <span class='ocrx_word' id='word_1_335' title='bbox 220 3720 319 3795; x_wconf 85' lang='lat' dir='ltr'><strong>platea</strong></span> <span class='ocrx_word' id='word_1_336' title='bbox 332 3719 509 3779; x_wconf 86' lang='lat' dir='ltr'><strong>mansionem</strong></span> <span class='ocrx_word' id='word_1_337' title='bbox 525 3734 606 3778; x_wconf 87' lang='lat' dir='ltr'><strong>suam</strong></span> <span class='ocrx_word' id='word_1_338' title='bbox 621 3720 740 3794; x_wconf 85' lang='lat' dir='ltr'><strong>habeat,</strong></span> <span class='ocrx_word' id='word_1_339' title='bbox 762 3725 875 3779; x_wconf 86' lang='lat' dir='ltr'><strong>secutus</strong></span> <span class='ocrx_word' id='word_1_340' title='bbox 891 3736 924 3778; x_wconf 88' lang='lat' dir='ltr'><strong>oc</strong></span> <span class='ocrx_word' id='word_1_341' title='bbox 941 3725 1101 3794; x_wconf 85' lang='lat' dir='ltr'><strong>opportuno</strong></span> <span class='ocrx_word' id='word_1_342' title='bbox 1116 3718 1228 3789; x_wconf 76' lang='lat' dir='ltr'><strong>l&#39;iplius</strong></span> <span class='ocrx_word' id='word_1_343' title='bbox 1244 3732 1277 3771; x_wconf 79' lang='lat' dir='ltr'><strong>re</strong></span> 
     </span>
     <span class='ocr_line' id='line_1_36' title="bbox 130 3822 1277 3885; baseline -0.008 0"><span class='ocrx_word' id='word_1_344' title='bbox 130 3822 208 3885; x_wconf 74' lang='lat' dir='ltr'><strong>ulam</strong></span> <span class='ocrx_word' id='word_1_345' title='bbox 230 3842 291 3885; x_wconf 85' lang='lat' dir='ltr'><strong>uua</strong></span> <span class='ocrx_word' id='word_1_346' title='bbox 311 3830 380 3885; x_wconf 88' lang='lat' dir='ltr'><strong>ante</strong></span> <span class='ocrx_word' id='word_1_347' title='bbox 400 3824 617 3885; x_wconf 86' lang='lat' dir='ltr'><strong>bibemoculmn</strong></span> <span class='ocrx_word' id='word_1_348' title='bbox 643 3825 725 3883; x_wconf 90' lang='lat' dir='ltr'><strong>nobis</strong></span> <span class='ocrx_word' id='word_1_349' title='bbox 749 3826 861 3885; x_wconf 84' lang='lat' dir='ltr'><strong>obviam</strong></span> <span class='ocrx_word' id='word_1_350' title='bbox 884 3826 1010 3884; x_wconf 67' lang='lat' dir='ltr'><strong>veniunt.</strong></span> <span class='ocrx_word' id='word_1_351' title='bbox 1051 3826 1106 3881; x_wconf 87' lang='lat' dir='ltr'><strong>Per</strong></span> <span class='ocrx_word' id='word_1_352' title='bbox 1129 3822 1277 3879; x_wconf 80' lang='lat' dir='ltr'><strong>liborium</strong></span> 
     </span>
     <span class='ocr_line' id='line_1_37' title="bbox 132 3929 1279 4005; baseline -0.004 -16"><span class='ocrx_word' id='word_1_353' title='bbox 132 3934 203 3989; x_wconf 77' lang='lat' dir='ltr'><strong>uem</strong></span> <span class='ocrx_word' id='word_1_354' title='bbox 216 3930 303 4005; x_wconf 87' lang='lat' dir='ltr'><strong>potii,</strong></span> <span class='ocrx_word' id='word_1_355' title='bbox 327 3929 397 4003; x_wconf 85' lang='lat' dir='ltr'><strong>quia</strong></span> <span class='ocrx_word' id='word_1_356' title='bbox 410 3929 546 3990; x_wconf 86' lang='lat' dir='ltr'><strong>hesterno</strong></span> <span class='ocrx_word' id='word_1_357' title='bbox 561 3931 608 3990; x_wconf 89' lang='lat' dir='ltr'><strong>die</strong></span> <span class='ocrx_word' id='word_1_358' title='bbox 623 3930 661 3990; x_wconf 87' lang='lat' dir='ltr'><strong>ad</strong></span> <span class='ocrx_word' id='word_1_359' title='bbox 675 3932 765 4005; x_wconf 87' lang='lat' dir='ltr'><strong>pedes</strong></span> <span class='ocrx_word' id='word_1_360' title='bbox 780 3933 895 3990; x_wconf 84' lang='lat' dir='ltr'><strong>oaesaris</strong></span> <span class='ocrx_word' id='word_1_361' title='bbox 914 3947 958 3989; x_wconf 87' lang='lat' dir='ltr'><strong>mo</strong></span> <span class='ocrx_word' id='word_1_362' title='bbox 980 3929 1177 4001; x_wconf 78' lang='lat' dir='ltr'><strong>conjecissem,</strong></span> <span class='ocrx_word' id='word_1_363' title='bbox 1202 3942 1279 3983; x_wconf 86' lang='lat' dir='ltr'><strong>nunc</strong></span> 
     </span>
     <span class='ocr_line' id='line_1_38' title="bbox 133 4032 1279 4110; baseline -0.003 -17"><span class='ocrx_word' id='word_1_364' title='bbox 133 4048 173 4093; x_wconf 75' lang='lat' dir='ltr'>n</span> <span class='ocrx_word' id='word_1_365' title='bbox 185 4035 255 4095; x_wconf 86' lang='lat' dir='ltr'><strong>mibi</strong></span> <span class='ocrx_word' id='word_1_366' title='bbox 267 4032 399 4095; x_wconf 79' lang='lat' dir='ltr'><strong>favorem</strong></span> <span class='ocrx_word' id='word_1_367' title='bbox 413 4040 565 4110; x_wconf 76' lang='lat' dir='ltr'><strong>prestare,</strong></span> <span class='ocrx_word' id='word_1_368' title='bbox 590 4041 624 4094; x_wconf 88' lang='lat' dir='ltr'><strong>ut</strong></span> <span class='ocrx_word' id='word_1_369' title='bbox 642 4037 747 4095; x_wconf 89' lang='lat' dir='ltr'><strong>litterae</strong></span> <span class='ocrx_word' id='word_1_370' title='bbox 768 4037 957 4095; x_wconf 84' lang='lat' dir='ltr'><strong>absolutionis</strong></span> <span class='ocrx_word' id='word_1_371' title='bbox 980 4032 1228 4091; x_wconf 84' lang='lat' dir='ltr'><strong>conscriberentur</strong></span> <span class='ocrx_word' id='word_1_372' title='bbox 1249 4038 1279 4091; x_wconf 89' lang='lat' dir='ltr'><strong>ot</strong></span> 
     </span>
     <span class='ocr_line' id='line_1_39' title="bbox 135 4136 1278 4217; baseline -0.001 -22"><span class='ocrx_word' id='word_1_373' title='bbox 135 4140 298 4201; x_wconf 73' lang='lat' dir='ltr'><strong>ruticulas:</strong></span> <span class='ocrx_word' id='word_1_374' title='bbox 323 4140 483 4217; x_wconf 72' lang='lat' dir='ltr'><strong>Quodjam</strong></span> <span class='ocrx_word' id='word_1_375' title='bbox 497 4158 516 4203; x_wconf 93' lang='lat' dir='ltr'><strong>a</strong></span> <span class='ocrx_word' id='word_1_376' title='bbox 530 4156 657 4203; x_wconf 75' lang='lat' dir='ltr'><strong>ooesmea</strong></span> <span class='ocrx_word' id='word_1_377' title='bbox 677 4143 827 4215; x_wconf 79' lang='lat' dir='ltr'><strong>majestate</strong></span> <span class='ocrx_word' id='word_1_378' title='bbox 848 4146 981 4214; x_wconf 77' lang='lat' dir='ltr'><strong>acceptus</strong></span> <span class='ocrx_word' id='word_1_379' title='bbox 1005 4140 1072 4212; x_wconf 86' lang='lat' dir='ltr'><strong>sim,</strong></span> <span class='ocrx_word' id='word_1_380' title='bbox 1098 4145 1127 4198; x_wconf 85' lang='lat' dir='ltr'><strong>ot</strong></span> <span class='ocrx_word' id='word_1_381' title='bbox 1149 4136 1226 4213; x_wconf 86' lang='lat' dir='ltr'><strong>quod</strong></span> <span class='ocrx_word' id='word_1_382' title='bbox 1248 4140 1278 4211; x_wconf 85' lang='lat' dir='ltr'><strong>ii,</strong></span> 
     </span>
     <span class='ocr_line' id='line_1_40' title="bbox 140 4248 1064 4317; baseline -0.009 -5"><span class='ocrx_word' id='word_1_383' title='bbox 140 4263 248 4312; x_wconf 67' lang='lat' dir='ltr'><strong>vuum</strong></span> <span class='ocrx_word' id='word_1_384' title='bbox 1025 4248 1064 4317; x_wconf 74' lang='grc'><strong>13</strong></span> 
     </span>
    </p>
   </div>
   <div class='ocr_carea' id='block_1_3' title="bbox 0 0 1378 4546">
    <p class='ocr_par' dir='ltr' id='par_1_4' title="bbox 0 0 1378 4546">
     <span class='ocr_line' id='line_1_41' title="bbox 0 0 1378 4546; baseline 0 0"><span class='ocrx_word' id='word_1_385' title='bbox 0 0 1378 4546; x_wconf 95' lang='lat' dir='ltr'><strong> </strong></span> 
     </span>
    </p>
   </div>
  </div>
 </body>
</html>
