2678 4546
606 172 669 240 139

82 361 218 431 utuntur,
236 372 302 416 cum
315 356 438 417 maxime
451 355 565 416 intersit
579 370 687 430 eorum,
713 356 762 429 qui
777 356 815 417 ad
830 357 1023 430 gubernacula
1038 358 1147 432 sedent,
1163 376 1215 433 pu-

82 461 179 521 rihaec
199 463 320 521 scelera.
360 462 418 522 Sed
437 462 508 535 quid
528 460 640 522 dicam?
663 463 717 534 ait3
741 477 789 519 res
808 468 877 521 eunt
895 468 928 520 ut
947 469 1066 534 possunt
1090 462 1219 538 (nolebat

82 567 119 624 im
134 567 311 626 camerinam
325 567 403 626 illam
418 567 566 641 Iberorum
582 573 610 627 et
619 565 827 625 Germanorum
843 582 956 640 quoquo
970 569 1064 626 acrius
1080 568 1215 644 movere),

82 676 214 731 stertens
229 686 344 743 quoque
359 672 492 745 apposita
507 672 642 730 antithesi
658 671 694 729 de
714 673 758 730 ira
773 677 803 729 et
818 672 1012 744 contentione,
1029 674 1216 748 potissimum,

82 792 108 835 m
122 776 212 834 simus
227 772 279 833 lilii
294 776 373 848 pacis
388 781 417 834 et
431 774 606 849 concordiae,
632 791 669 833 ne
691 772 773 833 irena
795 777 876 834 corni
892 781 997 835 nostras
1012 778 1215 853 relaxaremus,

82 876 311 941 nmcueiacieus.
349 880 425 939 Nam
439 881 465 939 si
479 880 520 938 illi
535 880 725 953 blandiamur,
750 886 828 939 corte
844 880 985 940 discurret
999 883 1029 939 in
1044 898 1127 941 omne
1141 899 1215 956 prae·

82 989 162 1059 ptum
178 989 352 1058 etproeceps
366 985 509 1044 uitiorum.
544 985 601 1044 Sed
615 986 714 1043 lesum
731 983 875 1044 Christum
899 987 1048 1058 imitemur,
1073 986 1150 1058 qnod
1164 1003 1216 1046 no·

82 1104 153 1164 iper
171 1089 292 1149 eundem
317 1088 451 1150 dilectum
471 1088 561 1148 filium
583 1105 665 1148 suurn
688 1093 771 1162 pater
793 1090 918 1148 coelestis
940 1090 1040 1163 largiri
1059 1096 1093 1149 et
1115 1092 1144 1149 in
1159 1091 1216 1164 spi·

82 1210 101 1253 u
117 1210 141 1252 s.
159 1208 213 1254 suo
228 1209 330 1268 regere
346 1192 433 1253 corda
447 1201 547 1254 nostra
564 1195 706 1269 dignetur.
730 1194 849 1252 Amen

83 1366 86 1371 ¹
133 1297 247 1357 Eadem
263 1298 418 1359 chunrado
434 1316 452 1359 a
468 1299 642 1359 Schonstadt
664 1299 777 1359 litteras
800 1300 838 1357 ad
854 1300 996 1358 dominam
1012 1316 1132 1375 socrum,
1150 1302 1216 1361 cha·

82 1421 103 1460 n
119 1403 273 1477 conjugem
293 1409 322 1462 et
344 1408 458 1464 nostros
480 1404 554 1464 dorni
575 1405 692 1464 rehctos
714 1405 852 1464 dedimus.
892 1406 1027 1465 Glaserus
1051 1425 1164 1481 quoque
1179 1411 1216 1469 ad

82 1507 307 1582 runebergenses
322 1511 466 1584 principes
481 1510 657 1583 perscripsit.
681 1509 828 1569 Liborium
844 1510 881 1569 ad
896 1514 1026 1569 comitem
1033 1512 1215 1573 Wilhelmurn

82 1614 185 1673 simus.

132 1717 223 1778 Venit
238 1717 353 1778 Samuel
374 1734 463 1792 nepos
485 1725 585 1779 noster
607 1718 649 1778 illi
668 1736 686 1778 a
706 1719 811 1779 nuncio
833 1719 979 1779 cattorum
1002 1722 1140 1796 principis
1156 1724 1216 1796 jam

82 1840 105 1883 n
119 1827 151 1883 in
166 1823 266 1897 platea
281 1822 471 1898 praesentibus
493 1828 595 1883 comite
611 1823 763 1884 Wilhelnno
784 1841 802 1882 a
817 1824 929 1883 Nasson
951 1831 979 1883 et
998 1827 1017 1884 J
1019 1843 1109 1884 oanne
1124 1827 1214 1886 Rhat-

83 1930 145 2003 rgio
161 1929 270 1987 dictum
285 1944 366 2002 esse,
383 1928 523 1988 dominam
539 1931 696 2003 prinoipem
712 1929 751 1988 ad
765 1931 898 1988 maritum
915 1930 1127 2005 landtgravium
1143 1949 1214 1991 non-

82 2050 114 2093 nu
127 2032 296 2105 admissam,
318 2034 370 2093 sed
389 2050 448 2092 non
470 2035 570 2107 procul
591 2036 621 2092 in
637 2034 773 2107 oppidulo
791 2035 874 2106 juxta
889 2036 1030 2093 Heilbrun
1046 2052 1108 2093 eam
1123 2036 1215 2094 adhuc

82 2141 219 2213 usitare,
242 2139 374 2211 huncque
394 2139 523 2197 nuntium
538 2140 647 2198 misisse
663 2140 699 2198 ad
714 2139 933 2213 impetrandum,
950 2154 1005 2212 quo
1020 2139 1094 2198 liber
1108 2142 1163 2213 ipsi
1178 2141 1214 2200 ad

82 2230 181 2304 tritum
202 2247 279 2302 esset
292 2242 403 2317 aditus,
424 2259 575 2317 secumque
595 2246 775 2304 constituisse
796 2261 830 2302 ex
850 2245 895 2303 his
917 2246 976 2304 oris
992 2260 1049 2303 uon
1064 2246 1216 2305 excederet

82 2348 210 2413 :ridendi
225 2349 308 2422 copia
323 2349 350 2405 ci
365 2345 457 2407 fieret.

133 2453 160 2513 0
174 2452 319 2526 Fortuna,
342 2452 485 2526 Fortuna,
501 2458 533 2511 nt
548 2470 599 2512 nos
614 2471 667 2529 pro
683 2453 742 2528 pila
764 2454 862 2513 habas.
902 2455 1032 2528 Respice,
1049 2455 1170 2529 domine,
1186 2463 1216 2516 et

82 2538 198 2631 fierem
223 2556 340 2616 tandem
353 2560 463 2633 tempus
478 2559 627 2633 surgendi,
644 2560 718 2630 veui,
734 2559 857 2632 domine,
875 2564 904 2617 et
914 2560 1012 2631 judica
1027 2563 1150 2619 terram!

133 2661 288 2738 Philippus
302 2664 437 2735 princeps
451 2680 514 2722 cum
529 2663 627 2724 videat
647 2681 678 2721 se
693 2662 818 2735 undique
842 2663 971 2721 delusum
986 2678 1022 2721 ox
1035 2665 1215 2739 impatientia

87 2767 190 2827 morbo
209 2767 355 2842 phraenesi
375 2766 510 2828 laborare
524 2771 670 2828 metuitur.
709 2769 781 2842 Spes
801 2766 970 2827 afflictorum
985 2769 1064 2831 Deus
1086 2775 1116 2828 et
1130 2770 1171 2828 illi
1186 2775 1215 2829 et

82 2870 126 2935 th
141 2872 253 2932 adesto.

95 3010 100 3019 ·
131 2976 290 3036 Mauritius
307 2975 365 3035 dux
379 2976 511 3037 Saxouiae
527 2983 558 3037 et
572 2995 660 3054 gener
674 2978 822 3039 Cattorurn
838 2980 974 3054 principis
990 2980 1140 3040 simulator
1154 2997 1212 3040 rna-

82 3090 138 3141 nu
152 3081 336 3141 consiliarios
350 3097 415 3140 suos
431 3085 535 3141 sensim
551 3099 569 3142 a
583 3083 699 3142 domina
714 3086 843 3160 principe
858 3088 972 3144 amovit.

131 3185 247 3245 Eadem
258 3186 436 3259 licentiatum
451 3187 600 3248 Nicolaum
615 3188 711 3248 Maior
726 3191 881 3248 invisimns.

84 3302 89 3313 '
131 3289 237 3350 Comes
252 3306 271 3349 a
285 3290 400 3351 Nassau
413 3293 469 3351 hoc
483 3292 530 3352 die
545 3310 607 3351 cum
623 3293 789 3367 proceribus
804 3294 914 3367 aliquot
928 3296 1040 3368 aulicis,
1058 3312 1130 3368 quos
1146 3312 1212 3354 cou-

82 3394 118 3465 Ιο
133 3399 310 3471 excepturus
325 3402 403 3469 erat,
425 3394 461 3455 de
483 3399 599 3472 negotio
614 3404 714 3457 nostro
738 3415 823 3472 agere
839 3401 938 3459 voluit.
978 3400 1035 3459 Sed
1050 3406 1150 3474 postea
1165 3419 1213 3459 ex·

82 3486 238 3579 [ficamus
258 3502 400 3560 nemiuem
423 3503 500 3562 inter
520 3518 696 3562 caesareanos
719 3519 794 3577 esse,
816 3507 864 3578 qni
880 3523 966 3578 super
981 3507 1150 3565 contritione
1164 3507 1214 3566 lo·

124 3603 190 3665 affii
228 3609 318 3664 retur.

82 3592 243 3769 ξΕαάἶθπι
258 3708 444 3768 chunradum
459 3727 477 3770 a
493 3711 654 3771 Schonstad
669 3712 783 3773 domum
798 3716 1020 3775 amandavimus.

82 3816 114 3871 ,ι’-τ’
128 3814 262 3875 Joaunes
284 3830 302 3872 a
323 3813 483 3874 Schoustad
498 3816 677 3876 Luderitium
693 3821 826 3878 convenit
846 3827 875 3880 et
899 3822 975 3880 idem
998 3822 1078 3880 nobis
1102 3823 1214 3881 obviam

82 3904 147 4301 ἓ
168 3918 357 3977 Permhimus
380 3920 468 3993 igitur
488 3922 628 3981 voluntati
643 3924 815 3983 marchionis
831 3927 973 3999 electoris,
997 3928 1020 3983 si
1036 3927 1214 3985 intercedere

146 4023 195 4085 bis
211 4023 301 4083 vellet
314 4040 353 4082 au
368 4039 458 4083 seem.

115 4124 233 4189 cesar
252 4141 307 4202 per
329 4127 509 4189 archiducem
524 4131 749 4191 Maximiliannm
771 4151 789 4192 a
812 4139 913 4192 senatu
932 4135 1099 4207 Augustano
1122 4135 1212 4208 petiit,

126 4234 177 4309 qui
196 4249 235 4293 ox
251 4234 500 4295 concionatoribus
515 4235 550 4296 de
571 4237 685 4296 interim
700 4239 749 4297 illo
764 4238 880 4296 sinistre
894 4239 1004 4297 locutus
1020 4244 1109 4311 esset,
1129 4242 1212 4301 casti-
