2678 4546
624 60 626 65 ’
690 44 736 111 98

121 233 226 302 putans
241 229 295 287 boc
311 243 430 287 munere
443 227 641 307 jurisperitum
655 226 709 285 sibi
725 230 817 287 totum
830 222 1000 300 devinxisse,
1016 240 1052 285 ac
1066 223 1173 285 deinde
1188 239 1253 285 oum
1266 239 1296 284 re

120 335 185 409 ipsa
199 351 252 394 suo
266 334 342 394 malo
365 333 562 408 experiretur,
588 330 708 391 eundem
724 336 754 391 et
777 330 816 392 ab
837 331 1002 392 'adversario
1022 347 1075 391 suo
1095 331 1128 389 in
1148 330 1296 389 consilinm

120 438 281 498 adhibitum
297 454 368 514 esse,
393 439 575 511 expostulans
590 454 653 496 cum
665 437 835 511 jurisperito
851 438 906 496 ait:
930 437 997 497 Non
1017 437 1099 510 potui
1113 437 1145 495 in
1160 437 1218 495 hac
1232 452 1295 494 cau·

121 560 155 602 sa
168 561 262 604 meum
285 545 387 604 bovem
406 546 578 618 mugientem
593 544 704 603 audire.
743 543 821 601 Vera
836 542 916 617 dicis,
939 540 1088 616 respondit
1099 542 1295 615 iurisperitus,

122 663 189 707 nam
203 655 289 722 caput
302 649 428 710 habebat
441 651 540 709 tunica
554 648 715 709 holoserica
730 663 767 707 ex
781 647 914 706 martium
929 646 1052 719 pellibus
1067 645 1197 705 obducta
1211 645 1295 705 obvo-

121 753 226 828 lutum,
247 755 377 814 indicens
396 756 486 829 magis
508 755 602 826 ipsum
621 753 658 814 ad
678 753 891 826 preciositatem
911 753 1013 825 restis,
1037 767 1124 824 quum
1139 751 1180 811 ed
1194 753 1297 825 prioris

122 875 224 918 munus
239 865 290 919 aut
299 860 348 934 jus
365 861 489 917 animum
504 861 636 920 vertisse.

211 962 322 1023 Eadem
345 980 363 1022 a
385 964 557 1024 consiliariis
581 962 777 1037 imperialibus
798 961 876 1022 facta
902 967 947 1022 est
968 963 1075 1020 mentio
1096 958 1238 1022 Wulffilae
1263 978 1297 1021 ex

123 1070 199 1128 omni
214 1075 298 1144 parte
306 1066 417 1127 Wulifii
432 1068 503 1141 quid
516 1084 575 1127 non
591 1068 801 1126 esculentorum
817 1069 911 1141 gratia
924 1068 1057 1126 lurcones
1071 1081 1131 1125 nou
1147 1073 1247 1141 agam,
1263 1083 1296 1126 ex

122 1174 177 1233 boc
191 1175 298 1248 potuit,
324 1174 403 1246 quod
425 1188 512 1245 capos
534 1178 564 1231 et
586 1171 717 1246 perdices
737 1189 753 1231 e
774 1173 932 1231 Mechlinia
951 1171 1120 1231 Brabautiae
1135 1169 1296 1244 Augustum

123 1284 278 1353 apportare
292 1283 440 1338 curarunt.
479 1278 583 1337 Florus
607 1276 644 1337 ad
667 1279 744 1338 hunc
763 1293 855 1353 usque
874 1277 950 1338 diem
964 1276 1127 1336 miserrime
1143 1279 1173 1334 et
1189 1276 1296 1336 calcula

125 1383 450 1443 etilienterialaborat.
693 1375 698 1384 '
976 1427 978 1431 ,

211 1488 321 1548 Eadem
336 1487 457 1547 Carolus
470 1489 629 1550 aStcekem
644 1495 673 1548 et
688 1505 741 1563 ego
758 1488 904 1549 doctorem
918 1487 1128 1573 Marquardum
1143 1486 1290 1558 adivimus,

125 1594 206 1666 cujm
221 1593 370 1654 consilium
384 1600 449 1654 erat
462 1595 500 1655 ad
514 1594 575 1654 dies
591 1595 701 1668 aliquot
714 1609 824 1653 moram
838 1598 964 1665 nectere,
987 1590 1093 1650 deinde
1106 1590 1230 1651 liberius
1244 1604 1292 1664 pro

124 1698 288 1759 dimissione
301 1700 419 1759 instare.
451 1698 535 1772 Quod
555 1703 651 1763 sutem
666 1699 701 1757 de
716 1698 880 1757 dimissione
900 1696 977 1772 apud
991 1694 1203 1770 Marquardum
1217 1709 1290 1754 meu·

123 1806 232 1864 tionem
246 1804 414 1879 feceramus,
430 1806 492 1878 brec
506 1821 594 1864 causa
609 1805 734 1877 suberat,
759 1801 838 1876 quod
853 1801 935 1861 nobis
950 1792 1119 1874 persuasum
1134 1806 1212 1874 eret,
1226 1814 1289 1859 nou·

125 1911 210 1970 nullis
225 1911 274 1984 qui
289 1928 349 1970 una
362 1910 510 1970 nobiscum
523 1910 684 1984 Augustam
699 1910 780 1968 citati
795 1906 923 1982 fueram,
943 1907 1058 1967 domum
1072 1905 1223 1965 remeandi
1235 1919 1289 1962 cer·

126 2021 187 2072 tum
202 2016 337 2089 temporis
353 2015 476 2089 spatium
493 2015 605 2090 datum,
629 2014 707 2088 quod
727 2014 821 2089 ipsum
836 2020 932 2075 tamen
946 2017 1048 2088 postes
1063 2027 1122 2072 noa
1135 2012 1200 2073 reri
1214 2007 1288 2071 dissi·

127 2119 193 2178 mile
209 2116 298 2179 inisse
312 2124 488 2192 compertum
504 2124 557 2179 est.

217 2223 437 2283 Atrebatensem
457 2223 574 2282 afluenti
596 2240 708 2298 sumus,
729 2227 779 2298 qui
799 2239 854 2299 pro
875 2239 955 2282 mora
977 2238 1029 2281 suo
1043 2221 1205 2296 respondit,
1228 2214 1288 2277 nilil

128 2327 224 2388 adhuc
238 2326 346 2386 Caesari
360 2343 449 2401 super
463 2332 562 2387 nostro
577 2331 692 2402 negotio
707 2330 829 2388 relatum
844 2344 922 2400 esse,
946 2342 999 2386 nec
1013 2327 1094 2384 illum
1107 2326 1215 2398 latere,
1230 2336 1287 2380 cau·

129 2449 189 2492 sam
203 2432 331 2506 Philippi
351 2418 463 2492 comitis
478 2448 496 2490 u
511 2433 625 2492 Nassau
646 2439 676 2493 et
697 2439 824 2495 nostram
846 2432 907 2492 iere
923 2431 1044 2490 eandem
1059 2445 1132 2488 essa.
1171 2428 1287 2502 Rogatus

128 2539 215 2612 igitur
222 2536 370 2617 (quoniam
382 2539 420 2598 ad
434 2539 615 2611 imperatoris
629 2539 767 2612 palatium
782 2554 949 2597 accessurus
962 2538 1023 2610 jam
1037 2535 1120 2595 nobis
1130 2527 1287 2603 domem).

129 2645 221 2703 nostri
240 2645 412 2703 mentionem
433 2643 541 2704 habere
561 2644 656 2704 vellet.
695 2641 869 2717 Respondit:
893 2640 1026 2702 Profecto
1046 2644 1092 2699 tot
1106 2644 1175 2698 sunt
1188 2636 1290 2714 publia

130 2750 254 2821 negotia,
270 2755 303 2806 ut
316 2748 453 2808 hactenus
468 2749 504 2808 de
520 2749 639 2823 privatis
654 2750 703 2822 agi
717 2748 788 2806 nihil
803 2748 937 2822 potuerit,
954 2749 983 2806 et
996 2746 1076 2805 intra
1091 2745 1166 2806 duos
1181 2742 1241 2803 dies
1261 2733 1292 2798 ad

131 2854 333 2925 imperatorem
348 2868 479 2912 accessus
494 2854 563 2912 mihi
579 2870 636 2913 non
651 2852 833 2914 concedetur.
872 2851 930 2911 Sed
945 2859 1041 2910 tamen
1056 2848 1177 2922 faciam,
1200 2847 1292 2908 suan

131 2956 290 3029 imperator
306 2956 400 3016 dehis
415 2954 595 3017 informetur.
620 2957 740 3016 Carolus
755 2957 843 3030 igitur
858 2962 887 3016 et
897 2955 1030 3015 Eubulus
1044 2955 1174 3030 priorem
1188 2951 1294 3029 petitio·

132 3077 197 3119 nam
211 3067 360 3136 repetunt,
384 3077 448 3120 oum
462 3061 685 3137 significatione,
711 3062 789 3136 quod
812 3063 936 3122 maximo
950 3062 1077 3134 regionis
1093 3066 1124 3120 et
1137 3071 1294 3119 rerumne

131 3171 255 3238 strarum
271 3165 420 3240 dispendio
436 3167 500 3226 istie
513 3173 626 3243 tempus
635 3173 803 3228 tereremus.
828 3165 1018 3240 Quamobrem
1032 3164 1061 3224 d.
1077 3179 1140 3224 sum
1155 3161 1298 3223 murdim

132 3288 314 3346 rogaremus,
355 3288 422 3330 num
445 3273 499 3345 ipsi
523 3273 683 3333 consultum
709 3271 857 3333 videretur
882 3289 900 3331 a
919 3286 1044 3330 caesmaa
1067 3269 1221 3342 majestate
1242 3276 1297 3324 ou

132 3377 227 3448 gratia
251 3375 442 3436 dimissionem
466 3378 605 3437 mensium
631 3378 740 3450 aliquot
762 3381 875 3450 petere,
906 3374 1052 3436 reversuri
1071 3378 1106 3433 ut
1129 3374 1253 3449 primum
1271 3363 1298 3426 id

130 3481 204 3551 jussi
218 3478 369 3554 fuerimus,
386 3487 417 3542 at
431 3481 631 3543 attrebatensis
647 3482 700 3541 ait:
726 3479 811 3540 Certe
826 3480 922 3540 Caesar
936 3481 991 3538 hoc
1005 3494 1063 3538 non
1077 3478 1217 3552 patietur.

223 3585 341 3645 Fratres
351 3589 442 3647 nostri
451 3589 565 3647 interim
575 3587 802 3647 Maximilianum
813 3585 915 3644 ducem
924 3585 1034 3657 adiere,
1045 3584 1094 3657 qui
1103 3599 1162 3658 pro
1176 3579 1296 3643 hamam

133 3695 195 3749 tate
210 3706 263 3749 sua
285 3706 335 3750 eos
354 3691 474 3750 audiens
495 3692 652 3752 clementer
667 3691 763 3751 omnia
777 3691 926 3763 promisit,
952 3687 1028 3749 forte
1043 3689 1103 3748 Titi
1124 3682 1298 3762 imperatori·

134 3796 255 3870 doum,
283 3798 424 3857 neminem
448 3802 582 3870 oportere
602 3813 620 3856 s
643 3794 716 3855 faeie
735 3796 873 3870 principis
893 3796 1006 3855 tristem
1027 3793 1120 3867 abire,
1142 3797 1240 3854 menta
1258 3802 1297 3849 rs·

134 3903 240 3960 colens.

226 4007 355 4067 Eubulus
369 4005 447 4066 aedes
463 4005 575 4065 Nicolsi
590 4006 684 4065 Maier
697 4007 783 4079 petit,
808 4005 869 4077 eJ'us
889 4003 1036 4063 consilium
1051 4001 1214 4062 auditurus.
1248 3996 1297 4059 Vt-

137 4111 237 4170 luisset
251 4113 366 4185 quidem
380 4113 427 4171 hic
441 4114 537 4171 omnia
556 4111 637 4172 nobis
658 4128 694 4171 ex
708 4111 782 4170 votis
803 4109 921 4183 esder03
944 4108 996 4168 sed
1011 4109 1061 4183 qui
1075 4107 1178 4182 lupum
1192 4100 1299 4169 amau
