2678 4546
680 39 745 97 loti

124 219 238 277 vocarit
259 232 308 275 eos
328 218 358 273 et
373 210 541 287 justificavit
556 220 609 271 oto.
648 213 706 272 Sed
726 213 769 271 eit
781 212 947 285 Musonius,
972 215 1022 287 qui
1036 213 1132 271 locum
1146 212 1222 271 bunc
1233 214 1283 270 τῶν

126 323 223 407 ῥητῶν
238 322 368 393 respicit,
392 318 475 376 facile
496 319 644 391 intelligit,
666 319 712 376 hic
728 317 872 376 Christum
894 317 930 377 de
950 317 1088 389 peculiari
1103 316 1287 374 roootioueet

125 429 264 485 electione
280 425 474 497 apostolorum
488 425 582 496 loqui,
608 439 679 495 quos
694 423 724 480 in
739 421 794 480 hoc
810 422 898 495 elegit
912 428 943 480 et
956 421 1116 494 constituit,
1131 427 1166 480 ut
1179 434 1288 492 evange·
1329 478 1331 493 ,

124 533 194 589 lium
208 531 427 601 annunciarent,
444 529 521 600 qnod
536 534 565 587 et
579 528 724 586 indicatur
739 526 827 584 verbo
844 527 925 584 eatis.
957 526 1115 598 Apostolus
1130 526 1210 584 enim
1222 525 1290 597 lega·
1329 506 1331 549 :

125 642 172 693 tus
186 638 247 693 sive
263 636 383 691 nuncius
399 633 512 690 dicitnr,
548 633 588 690 Et
601 633 648 690 bic
663 647 763 689 rursus
778 625 988 689 consideranda
1006 636 1051 688 est
1064 630 1183 688 bouitas
1198 629 1292 687 summi

127 747 157 799 et
169 741 284 798 maximi
299 739 369 811 Dei,-
391 741 440 810 qui
455 738 601 811 apostolos
624 736 697 794 nihil
718 736 777 794 tale
792 734 974 808 affectantes,
998 734 1072 792 nihil
1086 738 1249 808 quarentes
1261 731 1293 790 dc

126 849 253 917 gratuita
273 841 326 902 sua
346 842 543 900 misericordia
561 841 600 899 ad
622 842 676 900 hoc
697 840 822 898 muueris
846 846 876 897 et
890 845 1001 898 tautam
1015 838 1190 912 dignitatem
1204 838 1292 911 elegit

125 948 254 1007 Litorius
269 951 365 1005 autem
372 946 520 1003 Masculus
537 946 681 1004 dominam
695 945 742 1002 hio
756 944 837 1016 loqui
851 944 887 1002 de
903 945 1044 1002 electione
1059 960 1171 1016 eorum,
1188 943 1225 1001 de
1238 943 1293 1014 qui*

124 1053 178 1111 bus
187 1053 295 1110 Paulus
311 1052 381 1108 dicit
390 1049 555 1121 »Quosdam
570 1056 666 1108 autom
680 1049 836 1121 apostolos,
848 1048 990 1120 quosdam
1004 1049 1219 1122 evangelistes«
1235 1052 1293 1117 etc,

127 1158 175 1228 qui
189 1162 309 1214 vocante
325 1161 355 1213 et
369 1160 490 1227 urgente
513 1154 566 1212 deo
587 1155 656 1226 ipsis
679 1154 775 1211 invitis
796 1153 976 1225 evangelium
999 1154 1180 1211 annunciare
1199 1166 1293 1209 roccu-

127 1265 186 1318 tur,
209 1260 284 1332 Non,
301 1261 402 1331 inquit,
419 1261 468 1330 qui
482 1264 601 1330 accepta
614 1259 737 1330 pecunie
750 1264 904 1316 accurrunt
918 1273 953 1315 ac
966 1274 1068 1315 manus
1083 1262 1233 1331 unguento
1246 1271 1292 1313 uu·

128 1369 243 1436 guntur,
260 1369 293 1420 ut
306 1363 379 1422 bene
395 1364 433 1419 sit
447 1365 540 1421 ventri
551 1369 604 1420 eto.
622 1361 657 1419 de
674 1362 777 1433 quibus
792 1361 935 1432 propheto
947 1362 1003 1418 ait:
1020 1360 1187 1420 Currebaut
1201 1366 1230 1418 et
1243 1372 1292 1417 uon

130 1467 282 1525 mittebant
298 1483 356 1524 eos.
380 1466 431 1524 Ait
445 1469 514 1525 item
528 1466 603 1524 hanc
619 1466 787 1524 electionem
808 1465 895 1523 etiam
913 1465 953 1522 ad
967 1482 1019 1523 nos
1035 1452 1149 1523 ceteros
1163 1462 1293 1540 appliean‘

129 1586 227 1645 posse,
248 1586 312 1628 cum
327 1569 397 1628 deus
420 1587 472 1629 nos
494 1577 649 1642 antequam
672 1572 760 1628 etiam
782 1570 999 1642 expetierimus,
1024 1575 1182 1641 autequam
1197 1570 1234 1627 de
1246 1567 1292 1625 bot

128 1677 354 1749 cogitaverimus,
372 1675 407 1733 de
416 1691 496 1733 mera
505 1691 557 1733 sus
568 1675 697 1734 bonitate
708 1678 738 1731 et
752 1675 840 1732 etiam
853 1678 1026 1746 cuteoqnam
1040 1674 1104 1732 nati
1118 1689 1254 1745 essemus,
1265 1670 1291 1728 iu

130 1780 243 1840 Christo
260 1781 388 1854 elegerit.
411 1779 526 1838 lustum
541 1779 630 1852 igitur
645 1783 674 1837 et
688 1794 803 1850 coquum
818 1794 894 1853 esse,
918 1783 951 1836 ut
964 1780 1020 1851 ipsi
1033 1779 1159 1837 inomni
1173 1779 1237 1837 loco
1249 1774 1290 1835 do·

128 1886 292 1945 minationis
313 1900 372 1941 suae
396 1885 504 1957 gratias
525 1882 561 1941 de
582 1884 670 1940 tantis
690 1881 837 1941 beneficiis
857 1899 989 1956 agamus,
1009 1888 1042 1940 ut
1064 1898 1234 1942 consensum
1247 1895 1289 1939 uo·

127 1994 218 2047 strum
241 1990 271 2046 iu
291 1988 472 2051 dilectionem
493 1994 522 2046 et
536 1987 747 2045 observantiam
762 1987 868 2045 Christi
891 1993 1102 2060 preceptorum
1116 1988 1226 2061 demus,
1247 1982 1289 2045 ud·

128 2092 234 2150 ducens
248 2092 303 2150 huc
318 2109 355 2151 ex
375 2090 592 2149 deuteronomio
606 2091 710 2149 Mosen
733 2097 944 2150 contestantem
959 2093 1109 2168 populum:
1134 2093 1235 2151 Testes
1248 2100 1289 2147 rot

129 2197 184 2267 ipsi
198 2195 285 2258 hodie
300 2198 378 2267 estis,
395 2194 472 2267 quod
487 2195 632 2267 elegeritis
649 2196 796 2254 dominum
810 2204 865 2255 etc.
901 2197 948 2256 Sic
964 2203 994 2255 ot
1008 2213 1062 2255 nos
1077 2208 1228 2256 monemur
1239 2208 1288 2253 rut·

129 2300 258 2370 minisse,
279 2314 329 2355 nos
345 2314 514 2356 consensum
533 2302 562 2357 in
583 2302 764 2360 dilectionem
779 2301 887 2359 domini
901 2299 1017 2379 ¹dedisse
1032 2316 1128 2373 neque
1143 2310 1290 2376 uuquaut

129 2402 243 2461 domino
260 2403 313 2463 deo
328 2408 426 2461 nostro
442 2419 494 2462 nos
510 2406 652 2480 repedare
669 2406 773 2465 debere
789 2412 843 2463 etc.
859 2411 892 2463 nt
905 2404 1007 2463 ieratis
1022 2403 1149 2463 fructum
1163 2411 1218 2464 etc.
1237 2402 1289 2461 llot

130 2514 173 2568 cst
187 2525 288 2566 munus
304 2508 491 2581 apostolicum
507 2516 539 2568 ut
553 2510 640 2569 verbo
655 2510 791 2584 populum
814 2510 853 2568 ad
868 2509 1014 2568 Christum
1038 2510 1167 2569 alliciant
1182 2516 1211 2568 et
1223 2505 1288 2567 nuc·

130 2621 176 2673 tos
191 2631 310 2689 operum
329 2615 478 2672 charitatis
498 2615 527 2670 iu
551 2614 735 2672 observantia
752 2619 961 2687 praeceptorum
984 2612 1241 2687 circumerant,
1260 2624 1289 2669 ue

130 2718 261 2776 laborent
275 2719 304 2775 in
319 2734 424 2776 vanum
439 2723 492 2775 etc⁴
531 2718 587 2775 Hic
609 2719 705 2776 multis
720 2719 856 2789 ostendit,
880 2718 1023 2790 quomodo
1038 2716 1150 2779 noctus
1164 2715 1288 2793 apostoli

131 2837 171 2877 coe
188 2820 325 2878 doctrines
341 2827 500 2893 atempore
522 2821 736 2893 praedicationis
759 2820 868 2879 timisti
886 2838 978 2894 usqne
996 2825 1028 2881 iu
1041 2822 1213 2882 hodiernum
1226 2821 1290 2880 den

131 2924 183 2983 sub
199 2928 243 2982 tot
257 2925 518 2997 persecutionibus,
542 2926 617 2983 inter
633 2930 677 2984 tot
691 2925 872 2999 tyrannides,
888 2927 1088 2986 tribulationes
1102 2944 1138 2987 ec
1151 2928 1288 2985 hereneo*

131 3047 195 3087 rum
211 3044 324 3087 errores
340 3031 556 3100 permanserint.
596 3030 670 3088 Nam
686 3030 767 3102 licet,
784 3030 892 3104 inquit,
909 3033 1046 3106 ecclesie,
1062 3032 1166 3107 quibus
1180 3026 1290 3105 apostoli

131 3134 249 3193 verbum
269 3133 529 3206 orinunciaverunt,
554 3133 593 3192 ad
612 3150 683 3206 quos
700 3136 821 3208 Paulos,
842 3136 961 3210 Petrus,
983 3137 1109 3198 Jeoobns
1132 3144 1163 3196 et
1176 3138 1289 3196 Joauuet

132 3244 185 3297 eto.
203 3240 340 3311 epistolas
356 3239 541 3311 scripserunt,
559 3236 607 3295 ubi
623 3244 699 3312 sunt,
716 3238 845 3311 nunquid
860 3256 917 3298 non
932 3241 986 3301 sub
1000 3242 1190 3301 mahometico
1203 3250 1290 3314 reguo.

133 3347 272 3400 ettamen
287 3344 362 3400 inter
377 3347 421 3401 tot
435 3360 531 3401 rerum
546 3342 752 3402 vicissitudines
774 3342 883 3403 numus
905 3348 1078 3418 apostolicus
1093 3347 1189 3406 adhue
1202 3356 1289 3418 super·

134 3449 186 3502 est.
210 3444 250 3501 Et
264 3446 384 3516 apostoli
400 3447 478 3518 quod
497 3447 527 3505 in
548 3449 668 3506 ecclesia
681 3449 773 3506 lsrael
794 3465 865 3522 agro
881 3450 989 3509 domini
1003 3452 1176 3523 patriarcbae
1190 3454 1221 3511 et
1233 3461 1289 3525 pm*

133 3549 226 3621 phere
247 3549 423 3607 seminarunt
441 3550 470 3607 in
492 3550 579 3609 verbo
600 3552 720 3626 domini,
749 3554 816 3612 licet
843 3554 965 3629 populus
985 3555 1124 3615 Judaicus
1148 3554 1290 3629 propios

133 3653 276 3727 persecuti
296 3653 367 3725 sint,
388 3654 545 3712 occiderint
565 3661 595 3714 et
616 3672 714 3714 eorum
736 3660 852 3717 nomina
872 3658 970 3718 delere
985 3661 1081 3719 conati
1094 3661 1168 3733 siut,
1184 3666 1290 3719 messe!

132 3756 263 3816 iecerunt
285 3760 314 3815 ct
336 3756 365 3812 iu
380 3756 513 3815 horreum
529 3760 635 3817 domiui
650 3768 843 3835 reportarunt.
883 3763 1025 3822 Tulerunt
1045 3780 1161 3837 quoque
1181 3754 1290 3839 spotti

134 3863 248 3922 domino
262 3861 386 3921 irrrctum
402 3878 437 3920 cx
452 3864 598 3939 gentibus,
622 3865 657 3924 dc
679 3867 780 3938 quibus
796 3884 892 3926 sumus
907 3884 975 3941 nos,
998 3867 1108 3942 inquit,
1131 3868 1241 3927 etiamsi
1254 3862 1291 3923 iic

134 3982 185 4039 per
204 3966 383 4039 patriarchas
408 3972 437 4025 ct
459 3969 615 4041 propbetas
642 3988 700 4029 non
722 3971 809 4030 fuerit
832 3974 1001 4031 seminatum
1023 3974 1055 4031 iu
1077 3973 1166 4033 verbo
1187 3966 1290 4037 domini»

134 4073 255 4141 apostoli
271 4089 385 4145 quoquc
407 4090 423 4130 o
439 4073 544 4132 inundo
565 4075 669 4134 sublati
688 4082 770 4149 sunt,
793 4083 822 4137 et
841 4082 936 4138 tamen
960 4076 1045 4139 hodie
1060 4064 1220 4153 apostolice
1233 4074 1289 4137 dot·
