2678 4546
124 214 173 290 gui
185 209 313 274 fructum
333 210 472 289 aueum,
496 228 636 289 purgare,
659 228 716 288 quo
735 215 827 289 magis
845 208 941 273 ierant
962 210 1086 275 lructnm
1105 218 1165 277 rite
1184 216 1301 295 ἀίειιιιιιι

126 327 178 382 eto.
207 320 250 381 Et
267 324 333 395 post
346 320 600 381 luculentissimam
615 320 717 379 barum
738 336 835 381 rerum
849 318 1070 381 declarationem
1084 324 1184 397 tussit,
1207 324 1301 387 Deum

126 432 236 503 patrem
256 426 365 487 domiui
383 430 414 485 et
425 424 590 485 liberatoris
605 426 698 485 nostri
711 426 782 485 Jesu
799 424 905 485 Christi
920 442 1077 502 oraremus,
1093 434 1126 488 ut
1140 429 1302 505 benigniter

127 531 205 593 uobis
219 531 389 607 largiretur,
408 530 475 590 huic
488 546 566 590 vera
581 530 634 591 riti
647 546 700 589 nos
714 530 812 604 inseri,
836 547 872 590 ue
887 548 946 605 qno
960 532 1033 593 olias
1047 532 1299 611 degeneratam,

127 644 211 712 ulgus
225 638 259 696 iu
272 636 329 697 hoc
343 637 402 696 vito
420 634 544 695 fructum
562 632 687 695 feramus
707 636 835 711 dignum,
858 638 1038 697 consecuturi
1058 655 1112 714 per
1135 656 1199 701 eam
1214 643 1300 703 ritum

127 749 270 804 emmam.
303 741 389 815 Quod
402 739 462 801 fiat
492 741 594 801 Amen.

209 848 393 909 vocabamur
411 866 431 909 a
448 850 552 909 comite
569 846 757 923 Rethbergio,
780 854 813 906 ut
832 848 906 907 hauc
924 849 1088 915 concionem
1108 856 1208 924 postea
1230 866 1297 913 oon·

126 953 250 1015 scribere
272 960 340 1031 post
361 955 558 1030 perturbatam
580 956 747 1015 memoriam
772 970 830 1014 non
853 970 1009 1028 possemus.
1049 956 1136 1030 Apud
1159 955 1300 1019 Rethber·

126 1064 201 1136 giuur
215 1061 351 1122 Ottonem
369 1075 483 1135 quoque
498 1061 535 1121 de
549 1059 740 1121 Berchenield
755 1062 924 1136 reperimus.

210 1167 323 1227 Eadem
337 1167 462 1227 maxima
476 1165 618 1227 adornata
632 1165 794 1226 funebrium
808 1183 914 1242 pompa
928 1180 983 1226 nec
997 1167 1084 1242 digua
1098 1168 1183 1242 hujus
1195 1184 1297 1229 narra·

126 1274 201 1334 tione
215 1290 359 1348 papyrum
372 1270 493 1333 ioedare·
525 1273 582 1333 Sed
597 1274 672 1349 proh
691 1278 832 1349 tempora,
856 1273 926 1348 pbui
946 1273 1091 1333 bominum
1110 1272 1300 1337 eiioeminatus

125 1380 249 1439 mentesi
272 1377 377 1439 ncddit
394 1377 461 1438 huic
480 1378 586 1439 actioni
600 1394 700 1441 omnes
719 1381 842 1439 novitios
857 1380 996 1439 electores
1015 1378 1188 1455 interfuisse,
1211 1386 1242 1441 et
1254 1382 1298 1441 iu·

125 1488 168 1543 ter
185 1484 239 1543 bos
258 1483 344 1543 etiam
364 1483 537 1544 christinam
557 1486 716 1560 principem
736 1486 873 1544 ciconiam
892 1485 968 1545 iuter
987 1502 1073 1560 grues
1095 1487 1201 1547 intuitu
1221 1487 1298 1563 regls

125 1589 302 1651 Ferdiuaudi
319 1606 423 1665 agrum
442 1590 550 1651 domiui
563 1596 678 1651 uastare
694 1591 783 1649 visam
798 1606 871 1649 esse.
903 1590 981 1665 Huc,
1002 1591 1071 1666 huo,
1092 1593 1223 1668 moulan,
1247 1593 1299 1653 mi·

124 1712 188 1755 sera
203 1694 359 1757 Germania
370 1697 484 1758 recidit.
507 1696 611 1771 Atqui
626 1696 693 1756 olim
708 1711 739 1755 se
758 1712 894 1771 proceres
908 1696 1056 1771 religionis
1071 1706 1178 1759 nostre
1192 1698 1298 1773 gloriu-

125 1803 240 1877 bantur,
264 1819 340 1862 nuuc
360 1819 448 1878 super
462 1803 535 1863 ollas
549 1804 678 1863 carnium
693 1802 819 1877 Aegypti
838 1803 990 1877 accubant,
1015 1820 1051 1863 ne
1065 1806 1219 1863 mutientes
1233 1804 1296 1879 qui·

124 1908 186 1969 dem
200 1915 303 1970 contra
321 1925 415 1984 omne,
439 1910 516 1983 quod
535 1909 713 1969 Antichristo
733 1913 765 1967 et
783 1908 842 1967 suis
862 1908 967 1983 placet,
991 1908 1073 1969 breui
1093 1924 1191 1969 omues
1211 1910 1297 1970 olitos

124 2017 231 2076 uentris
246 2016 299 2091 sui,
319 2017 405 2090 juxta
418 2015 589 2090 Lutherum,
612 2032 665 2089 pro
681 2014 865 2074 suaveoleute
881 2014 1045 2074 amaracino
1060 2015 1225 2079 adorantes.

209 2122 368 2196 Memento,
383 2120 507 2196 domiue,
527 2123 634 2196 vinem,
659 2138 745 2194 quam
760 2137 797 2181 ex
810 2119 943 2194 Aegypto
959 2119 1113 2196 adduxisti,
1133 2128 1163 2182 et
1182 2124 1297 2200 extirpa

124 2243 233 2289 omnem
253 2228 400 2302 palmitem
420 2242 478 2287 non
497 2224 636 2288 ferentem
650 2226 773 2285 fructum
788 2227 872 2299 inte,
896 2226 991 2299 daque
1007 2225 1089 2286 nobis
1104 2228 1135 2287 in
1149 2229 1296 2303 agnitione

123 2329 173 2393 ilii
186 2334 231 2393 tui
243 2332 421 2395 dilectissimi
434 2331 518 2395 firma
531 2332 589 2393 fide
603 2333 756 2409 persistere
772 2339 803 2393 et
816 2334 878 2406 ejus
892 2333 980 2392 serbo
996 2331 1120 2393 fideliter
1135 2332 1294 2395 adhserore.

209 2438 244 2497 Iu
257 2437 400 2499 hodierna
414 2454 467 2497 sua
481 2439 616 2499 concione
631 2439 779 2498 Masculus
794 2454 846 2497 nos
862 2441 1020 2498 orationem
1039 2455 1093 2512 pro
1110 2440 1295 2514 imperatore,

122 2561 188 2620 rego
203 2549 233 2604 et
247 2544 378 2603 omnibns
393 2545 605 2619 magistratibus
620 2543 770 2605 intendere
782 2544 877 2618 jussit,
902 2558 959 2617 quo
974 2544 1004 2602 in
1023 2544 1094 2602 Jesu
1114 2541 1229 2603 cbristo
1243 2545 1296 2605 riti

122 2666 189 2711 uera
202 2656 414 2725 permanerent,
430 2655 460 2709 et
474 2666 511 2710 ne
527 2650 595 2725 quid
610 2656 780 2724 statuerent,
805 2647 883 2722 quod
896 2648 1043 2707 labruscas
1059 2651 1184 2723 saperet.
1214 2646 1294 2708 Alio·

121 2756 189 2830 quin
204 2761 235 2815 et
247 2761 362 2830 putrem
376 2757 532 2831 agricolam
545 2757 599 2816 hos
614 2772 728 2830 quoque
743 2759 965 2828 amputaturum.
990 2754 1073 2827 Quod
1087 2754 1208 2829 ipsemet
1214 2752 1294 2816 Deus

120 2861 345 2922 misericorditer
359 2866 482 2923 avertat.
512 2863 614 2924 Arnen.

207 2966 313 3025 Ericus
326 2966 508 3042 ansvigia
527 2967 585 3029 dux
605 2974 672 3029 aute
692 2967 818 3028 triduum
837 2966 876 3026 ad
896 2963 1000 3025 buluea
1018 2967 1048 3025 in
1070 2966 1153 3025 Emss
1168 2967 1208 3027 ibi
1222 2982 1293 3028 uxo·

119 3088 180 3133 rem
200 3078 404 3146 expectaturus
424 3073 489 3133 binc
508 3072 588 3133 abiit.
626 3074 726 3134 Hanns
749 3088 825 3132 vonn
847 3071 1013 3145 Ruthingen
1033 3071 1084 3131 des
1105 3068 1294 3133 Choritmton

119 3176 349 3239 washuneister.

208 3283 268 3344 Sub
282 3284 353 3359 ipsis
368 3284 472 3360 vigiliis
491 3288 574 3344 tauta
589 3285 664 3345 aeris
684 3285 868 3360 intemperies
890 3290 962 3357 erat,
986 3282 1072 3342 modo
1091 3278 1293 3356 mugientibus,

113 3406 193 3451 nuuc
209 3387 345 3450 flantibus
361 3391 447 3465 euris,
471 3405 546 3449 nunc
564 3407 678 3448 rursum
694 3389 778 3450 Cecia
797 3395 884 3451 vento
904 3388 1033 3448 turbines
1055 3394 1084 3447 et
1103 3387 1215 3462 pluvias
1235 3401 1294 3447 mo·

118 3501 216 3569 vente3
241 3496 279 3556 ad
294 3494 325 3554 id
338 3495 369 3555 in
385 3495 526 3556 dominico
540 3496 709 3570 Augustano
725 3496 865 3556 excitatus
879 3495 1026 3568 tumultus,
1047 3499 1079 3553 nt
1092 3494 1213 3555 credere
1227 3507 1292 3569 pos·

118 3616 162 3661 ses
177 3603 242 3676 ipsa
265 3600 406 3661 elementa
425 3603 539 3677 testari,
563 3603 615 3661 has
630 3618 749 3675 pompas
764 3601 877 3661 domino
893 3599 1121 3661 abominationes
1136 3615 1209 3660 esse.

117 3766 120 3775 ,
206 3707 321 3766 Eadem
335 3707 366 3766 iu
380 3723 467 3767 causa
481 3713 582 3767 nostra
595 3712 656 3768 tam
675 3706 751 3781 quod
772 3707 810 3767 ad
826 3706 1032 3778 Coloniensem,
1057 3722 1143 3779 quam
1164 3703 1241 3778 quod
1255 3703 1294 3765 ad

118 3810 265 3875 cesarem
280 3814 397 3887 attinet,
421 3813 492 3872 nibil
507 3812 636 3874 effectum
651 3818 703 3873 est.

131 3930 136 3937 '
207 3919 246 3993 vij
259 3919 333 3993 Maji
346 3918 384 3979 ad
394 3919 422 3979 d.
435 3919 605 3979 Mauritinm
617 3919 644 3979 d.
658 3919 676 3977 J
678 3935 787 3979 oannes
795 3921 938 3981 Henricus
951 3919 1135 3979 concionatus
1147 3920 1191 3975 est
1201 3929 1238 3974 ex
1248 3914 1294 3975 his

116 4025 213 4087 sorbis
221 4025 308 4084 Pauli
317 4025 456 4099 excapite
467 4026 507 4099 xij
522 4026 650 4100 epistolae
667 4025 705 4085 ad
712 4027 869 4086 Romanos:
883 4025 1050 4085 Benedicite
1064 4026 1094 4081 et
1107 4021 1196 4082 nohte
1207 4022 1295 4085 malc-

84 4142 97 4179 -·
117 4129 224 4195 dicere.
245 4129 296 4191 Ait
309 4136 405 4191 autem
416 4129 479 4189 boec
490 4131 580 4193 uerba
591 4147 655 4192 esse
668 4138 843 4209 praeceptum
856 4144 1021 4205 expressum
1032 4127 1149 4205 domini,
1159 4144 1216 4190 non
1227 4144 1294 4191 con·
