2678 4546
648 88 774 158 78·

84 284 237 351 cognatam
249 275 427 337 Elizahetha
439 280 468 336 et
479 273 601 335 loannis
612 274 648 335 do
663 274 777 334 Bruech
789 288 912 348 cumque
922 272 1107 335 wendelino
1121 269 1163 335 all

86 384 191 444 diuhus
207 380 406 443 confabulatus
426 387 470 442 cst
489 377 651 458 praefectus.
683 378 830 441 Gloriatur
845 395 963 454 quoque
977 384 1026 439 cst
1040 378 1163 439 Aoniam

85 489 234 562 guatinum
248 490 280 547 in
294 489 449 547 crastinum
465 503 548 547 sacra
563 487 714 547 missarum
728 486 859 547 solennia
873 486 905 546 in
919 486 1085 560 praesentia
1099 484 1163 544 Ger

86 595 163 667 regis
170 594 363 654 Romanorum
370 592 582 654 celebraturum
593 608 696 668 magno
707 592 914 668 papisticorum
924 591 1163 651 missaticorurna

174 698 282 758 Eadem
291 699 443 760 'doctorem
457 699 721 786 Henricanassn
736 699 767 756 in
781 697 880 772 platea
894 699 1099 774 convenimus,
1113 696 1163 771 qm

86 821 204 879 sperare
219 805 300 865 brevi
316 805 386 878 qnid
402 806 437 866 de
453 821 540 866 caasa
554 811 655 866 nostra
670 801 807 864 futurum.
981 852 983 857 .

174 911 207 968 In
223 910 333 971 adibus
350 911 379 970 S.
392 911 500 971 Marci:
526 911 644 971 «Omnia
660 918 730 972 aetas
746 911 783 970 ds
797 926 852 970 suo
863 914 997 983 tempore
1012 915 1163 984 conquest

86 1015 119 1074 In
134 1015 191 1076 alio
206 1016 316 1092 lapide:
344 1016 447 1075 «Felix
462 1017 578 1076 nimium
594 1017 674 1090 prior
688 1021 790 1076 aetas.»
814 1016 850 1075 lu
864 1015 998 1090 ingressu
1013 1012 1156 1075 secundas

86 1120 219 1195 Capitolii
233 1122 325 1181 leonis
340 1119 449 1195 effigies
464 1122 591 1182 catulum·
605 1121 660 1183 sibi
675 1121 833 1194 subjectum
852 1120 916 1180 miti
930 1120 1014 1181 vultu
1039 1120 1163 1181 intuenti

85 1224 130 1284 his
144 1226 288 1285 versibus:
691 1255 694 1259 <

331 1326 416 1378 Iratus
433 1327 520 1379 recole
540 1327 609 1394 qnod
625 1328 724 1379 nobilis
743 1329 783 1378 ira
801 1327 887 1378 leonis

368 1417 397 1467 ln
420 1415 472 1467 sihi
492 1423 636 1484 prostratos
655 1431 683 1467 se
702 1423 782 1483 negat
800 1431 860 1467 ease
877 1416 974 1467 ferum.

175 1522 285 1585 Eadem
308 1525 440 1586 dominus
455 1526 603 1601 Masculus
623 1516 792 1603 prosecutus
815 1532 860 1587 est
880 1531 992 1587 textum
1014 1527 1055 1588 da
1071 1531 1163 1603 amput

87 1630 234 1706 palmitum
250 1636 279 1691 et
293 1633 415 1694 maxime
430 1633 466 1693 de
481 1633 643 1695 obstinatia.

175 1738 294 1813 Eadem,
312 1754 376 1812 quae
396 1746 459 1799 erat
478 1738 577 1814 vigilis
595 1738 770 1799 ascensionis
785 1739 892 1800 domini
905 1739 1061 1799 Ditmarus
1074 1739 1163 1799 Helio

87 1845 131 1904 aul
147 1861 200 1919 per
213 1844 312 1905 literas
327 1845 442 1904 nomina
455 1846 541 1905 etiam
557 1843 818 1905 Corbachiancrum
840 1846 945 1913 civium
958 1844 997 1905 de
1011 1846 1110 1906 salute
1123 1848 1153 1907 at

86 1958 249 2010 nostrarum
263 1957 340 2011 statu
355 1952 515 2011 sciscitatus
531 1957 583 2012 est.
612 1950 740 2011 Nunclns
762 1947 817 2009 luit
830 1950 1005 2011 Frsachcus
1019 1949 1163 2011 Steinrnal

86 2054 152 2113 tulit
165 2055 241 2115 idem
261 2057 359 2116 literas
378 2074 397 2117 a
413 2057 527 2117 domins
545 2063 650 2132 matre,
672 2072 763 2116 uxore
784 2061 814 2116 et
827 2056 985 2117 sororibus.
1024 2057 1102 2117 Item
1115 2054 1163 2117 al

88 2156 224 2220 Galactco
239 2167 269 2221 et
282 2161 449 2222 Hermanno
464 2162 577 2222 Hellen.

175 2250 286 2325 Ε111111
302 2265 343 2324 Μ.
359 2266 529 2327 wilhelmus
544 2267 715 2328 secretarius
732 2267 879 2329 wilhelmi
902 2269 1014 2329 comitis
1028 2269 1163 2345 scriptum

88 2372 220 2447 promissi
235 2371 311 2431 inter
323 2370 519 2433 Coloniensem
534 2381 564 2434 ct
578 2391 640 2449 nos,
656 2381 689 2434 ut
702 2376 772 2449 ipsis
787 2376 948 2452 placuerat,
965 2375 1097 2437 dolatum
1111 2380 1163 2435 etc

87 2485 193 2539 matum
211 2478 292 2538 nobis
306 2478 433 2539 tradidit.
459 2479 563 2539 socrus
579 2486 608 2539 et
623 2496 748 2540 noverca
762 2479 888 2541 Eilhuaii
901 2497 961 2542 uua
980 2479 1108 2541 luerunt.

175 2586 287 2646 Indicta
308 2590 353 2645 est
374 2585 452 2645 dicta
472 2586 503 2644 in
517 2585 685 2646 Wiman'am
707 2586 737 2646 in
757 2603 844 2647 causa
865 2585 941 2647 dotis
956 2586 995 2648 ad
1011 2587 1088 2648 aliem
1100 2587 1163 2646 luna

74 2692 237 2752 ·Trinitatis
260 2694 328 2752 anni
349 2693 433 2766 hujus
460 2693 553 2751 1548.
584 2691 721 2752 Habitum
741 2698 770 2752 et
791 2706 879 2767 super
892 2693 949 2754 hcc
963 2694 1113 2754 consilium
1126 2693 1163 2750 est

91 2795 217 2855 liborio.

176 2900 297 2974 xhlsji,
326 2916 390 2974 que
412 2907 477 2961 erat
495 2901 593 2978 sigilis
613 2903 793 2962 ascensionis
808 2903 960 2964 dominicae
979 2920 1079 2980 sacra,
1099 2905 1163 2963 intr

89 3004 217 3063 Mauritii
233 3004 364 3081 praelegit
378 3007 468 3067 lector
482 3007 624 3081 reliquum
639 3008 741 3083 capitis
760 3012 797 3069 13
815 3008 957 3069 Matthaei.
1005 3005 1151 3070 Deindacl

89 3110 169 3171 culus
189 3112 337 3173 historiam
358 3114 533 3173 ascensionis
555 3113 703 3173 dominicae
727 3131 763 3175 ex
782 3114 876 3190 capite
890 3113 994 3175 ultimo
1014 3115 1108 3175 Marci
1127 3124 1163 3173 ou

87 3217 171 3292 listas,
187 3218 296 3279 scilicet
311 3235 347 3280 ex
361 3218 543 3295 paragrapho
558 3219 658 3279 ultimo
674 3221 829 3280 contexuit.
865 3218 964 3281 Verba
983 3228 1081 3282 autem
1094 3219 1163 3279 hart

87 3324 189 3396 ltaque
199 3325 330 3385 (lominus
345 3324 468 3401 quidem,
478 3332 628 3400 postquam
638 3325 750 3386 locutus
764 3324 931 3399 1111111111,
948 3334 1082 3402 receptus
1096 3323 1163 3385 cath

88 3428 147 3485 lum
166 3437 196 3487 et
215 3430 342 3490 consedit
360 3430 398 3491 ad
421 3431 567 3491 dexteram
582 3430 647 3491 Dei.
688 3431 733 3489 1111
748 3445 818 3490 vero
840 3431 950 3506 agressi
964 3433 1163 3506 predicarem

89 3532 166 3591 mino
180 3541 354 3608 cooperante
368 3535 475 3610 ubique
489 3544 519 3596 et
533 3553 692 3598 sermonem
708 3533 895 3597 confirmante
917 3552 970 3611 par
984 3538 1070 3614 mgna
1083 3536 1163 3621 sunta

89 3638 131 3697 tia
145 3643 199 3697 etc.
223 3638 364 3700 Praelatus
379 3643 467 3716 igitur
481 3643 638 3717 Masculus,
655 3658 741 3716 quam
761 3641 840 3702 dives
855 3642 893 3702 sit
907 3642 954 3703 hic
968 3648 1075 3719 textus,
1091 3643 1163 3704 duct

88 3743 266 3817 potissimum
281 3744 311 3802 in
326 3760 360 3805 co
376 3747 564 3808 observabilis
579 3765 642 3808 osse
658 3750 738 3809 dixit.
762 3750 921 3809 Historiam
935 3750 1072 3812 videlicet
1084 3758 1163 3811 asach

88 3849 236 3909 dominicae
251 3854 281 3910 ct
295 3866 378 3909 usum
392 3853 454 3925 ejus
470 3869 533 3912 cum
547 3852 650 3914 fructu.
685 3854 732 3915 Da
747 3856 841 3930 prima
860 3861 944 3929 parte
959 3853 1113 3931 1111111111,
1132 3850 1163 3913 al

88 3956 117 4013 in
136 3957 299 4017 concionem
321 3959 515 4031 vespertinam
532 3975 693 4021 reservans.
739 3963 773 4020 ln
794 3959 916 4019 historia
938 3975 1010 4019 sero
1029 3961 1092 4021 haec
1109 3959 1163 4019 ota

85 4058 178 4132 jussit.
215 4063 372 4123 Veritatem
398 4063 572 4123 ascensionis
587 4063 702 4140 domini,
725 4065 774 4124 uhi
790 4065 920 4125 dominus
935 4066 1108 4141 ascenderit,
1128 4073 1163 4137 111

90 4166 246 4243 nmmo,
264 4185 322 4245 qao
341 4168 471 4233 sublatus
493 4173 523 4229 st
541 4185 606 4247 qua
625 4170 707 4233 uobis
726 4170 794 4233 inde
816 4171 926 4233 utilitas
944 4173 1085 4233 assumit
1118 4165 1163 4229 hi
