2678 4546
685 49 752 114 tte

210 228 247 291 n.
264 232 374 306 ugnus
389 213 541 306 comitatus
556 223 695 290 walnen
714 234 781 289 occo
801 244 864 290 esse
887 225 1025 305 oppidula
1040 232 1069 290 et
1085 244 1151 304 qm
1167 244 1206 291 ex
1220 228 1303 292 nisce

121 336 242 410 quisque
256 337 390 395 comitum
405 340 525 405 teneret,
542 337 630 393 novit.
668 335 862 408 Interrogavit
876 351 991 410 quoque
1007 335 1163 410 Eubulum,
1180 339 1231 410 qui
1245 337 1298 397 tie·

120 447 167 499 ret
180 446 214 500 ιιι
228 441 312 499 mocio
326 441 356 498 in
377 455 444 498 arce
459 438 599 500 Waldeck
618 437 869 498 commorationem
888 456 970 499 suam
991 456 1050 501 nou
1063 442 1204 513 baberet,
1228 443 1300 500 item

121 546 252 619 quisnam
270 545 325 603 bac
346 549 432 604 aetate
453 560 516 603 eam
537 545 687 602 comitatus
702 551 813 617 partem
833 545 991 620 obtineret,
1014 563 1101 619 quam
1117 547 1186 605 olim
1201 561 1300 605 eomes

121 651 189 710 tlttc
206 650 336 710 obtinuit.
360 650 427 709 Non
442 650 560 722 qudem
573 650 611 708 cie
625 648 717 709 matre
731 653 832 707 nostro
847 665 984 722 germano
999 652 1055 725 pia
1070 653 1228 726 memoriae,
1244 652 1297 710 sen

120 756 157 814 ie
172 772 207 839 eo
222 754 337 828 Ottone,
354 755 404 827 qui
419 754 449 811 in
464 752 671 826 Wetterburga
684 753 845 828 habitabat,
860 754 1049 829 loquebatur,
1070 757 1120 828 oui
1135 757 1300 815 musculum

120 859 258 919 heredem
272 875 331 917 non
345 858 513 931 reliquerat.
537 858 576 915 Et
591 874 655 915 cum
669 858 878 931 respondissem
893 860 1050 919 Waldeeiae
1066 860 1104 921 ob
1119 864 1301 936 oppignora-

119 969 164 1023 tos
184 960 314 1023 redditus
337 979 390 1036 per
408 978 561 1021 novercam
588 979 646 1021 non
667 941 861 1022 assummum
884 971 1089 1039 proventuum,
1117 982 1174 1039 quo
1189 983 1295 1041 perpe-

119 1076 198 1128 tuam
213 1068 418 1127 habitationem
433 1068 498 1127 istic
511 1067 621 1127 babere
636 1083 758 1141 possem.
781 1063 827 1125 De
842 1067 979 1128 derelicta
993 1068 1166 1129 haereditate
1178 1071 1299 1131 ottonis

119 1190 183 1233 cum
197 1173 284 1232 latius
300 1189 357 1231 non
371 1173 574 1245 interrogaret,
591 1177 620 1229 et
634 1171 695 1244 ipse
711 1172 826 1231 obticui.
860 1207 871 1230 .

208 1276 274 1335 Jam
288 1277 375 1334 tertio
390 1291 438 1334 res
452 1277 609 1334 immutata.
646 1276 722 1335 Nam
737 1275 823 1337 Seldo
834 1278 895 1350 jam
911 1285 940 1337 et
958 1280 1187 1353 remguitionem
1202 1287 1233 1341 et
1247 1297 1298 1340 ca·

119 1378 319 1457 pituiationem
335 1381 459 1440 munbi
471 1396 573 1438 curare
589 1381 750 1452 injunctum
763 1386 816 1441 est.

208 1485 283 1543 Dum
298 1484 383 1544 modo
397 1485 460 1543 haee
474 1483 559 1543 molo
574 1485 624 1544 illa
638 1484 719 1558 mihi,
740 1465 808 1558 quae*
819 1486 849 1544 iu
864 1501 1001 1544 cesarem
1016 1488 1216 1562 commiscum,
1238 1489 1295 1546 im*

119 1594 307 1665 putarentur,
329 1589 448 1648 undem
469 1595 532 1648 erat
554 1591 603 1663 qni
617 1606 654 1649 en
667 1591 768 1649 subcis
782 1592 962 1664 magnatibus
977 1592 1114 1650 umerum
1128 1592 1233 1665 plenus
1248 1592 1292 1652 ef-

118 1694 227 1767 futiret,
245 1694 465 1768 dbpumbmm
479 1708 525 1752 me
541 1694 686 1774 quondam
700 1709 768 1751 cum
779 1696 882 1754 comite
895 1695 1047 1756 Friderico
1063 1696 1294 1770 aFurstenberg

118 1798 286 1860 Ratisbonae
300 1800 331 1856 in
346 1798 489 1872 ceboeuio
503 1797 661 1870 babuisse;
677 1813 745 1856 eam
765 1816 827 1858 rnen
838 1799 982 1859 minimam
997 1816 1077 1858 nanc
1087 1815 1152 1859 esse
1166 1806 1292 1874 partem,

118 1903 195 1978 qnod
209 1904 313 1963 malam
328 1904 450 1976 gratiam
464 1902 647 1976 imperatoris
661 1901 824 1961 inciderim.
856 1903 928 1962 liaee
942 1909 1037 1963 autem
1057 1905 1235 1963 concertatio
1250 1905 1294 1963 sic

118 2023 150 2066 se
163 2007 260 2067 babet.
299 2006 370 2065 Corn
394 2023 475 2065 anuo
489 2004 645 2064 salutifera
665 2007 870 2082 redemptionis
894 2014 1001 2068 nostra
1025 2008 1109 2067 1546
1122 2009 1207 2081 iussu
1221 2009 1292 2067 Pni-

117 2111 189 2187 lippi
205 2110 352 2170 cattorum
372 2111 509 2184 principis
533 2116 564 2168 et
581 2109 625 2168 ab
638 2111 748 2184 aliquot
769 2112 917 2172 ormniboe
933 2113 1049 2185 imperii
1061 2112 1103 2172 et
1115 2115 1292 2188 colloquium
1335 2144 1337 2154 =

118 2217 156 2276 de
170 2215 375 2274 controversiis
394 2215 425 2271 in
446 2213 586 2287 religione
608 2230 655 2274 me
675 2214 765 2274 invito
781 2221 811 2275 et
824 2223 1005 2290 repugnante
1019 2219 1115 2276 animo
1130 2217 1161 2276 in
1176 2218 1292 2278 audito¹
1333 2233 1337 2266 ι·

118 2336 180 2380 rem
196 2320 355 2378 destinatus
371 2333 475 2390 essem,
496 2334 530 2376 ac
546 2318 615 2377 dum
631 2320 665 2378 in
681 2321 853 2379 naemtone
871 2337 969 2380 rerum
989 2322 1020 2380 in
1044 2320 1129 2381 domo
1143 2321 1291 2382 senatoria
1333 2334 1337 2371 ἔ

118 2428 148 2486 in
161 2427 298 2502 penitiori
312 2426 516 2500 hybernaeulo,
533 2425 582 2484 ubi
596 2423 751 2483 Mauritius
766 2424 804 2482 ab
818 2424 932 2483 Hutten·
945 2427 1096 2499 episcopus
1108 2426 1292 2486 Eichstaten·
1331 2440 1337 2476 ι

118 2533 157 2591 sis
173 2539 202 2592 et
216 2533 382 2591 Friderieus
397 2546 490 2591 comes
505 2545 523 2587 a
537 2528 737 2602 Furstenberg
750 2528 880 2588 dominus
894 2531 925 2589 in
940 2530 1126 2604 Helgenberg
1146 2536 1178 2589 ct
1197 2530 1293 2591 landt-
1328 2542 1336 2575 ··

118 2639 233 2711 gratim
247 2637 278 2694 in
292 2636 352 2693 Bar
366 2651 499 2694 caesarea
513 2635 671 2708 maustatis
687 2635 801 2693 nomine
815 2635 1030 2710 presedissem,
1050 2651 1085 2694 ac
1099 2636 1228 2696 verbalis
1242 2651 1291 2694 re·
1328 2648 1337 2683 ε

117 2739 212 2800 ltetto
225 2742 302 2799 inter
317 2740 346 2799 i.
361 2741 520 2799 Martinam
534 2740 677 2799 Bucernm
692 2741 850 2798 ernostus
864 2738 1084 2798 collocutoribus
1100 2744 1131 2798 et
1145 2740 1291 2801 dominum
1326 2748 1337 2788 t

117 2846 236 2904 Petrum
251 2862 269 2904 a
283 2845 451 2919 Melaenis,
463 2845 685 2918 antesignanum
696 2844 899 2917 papisticoruun
914 2845 974 2903 sive
984 2842 1029 2920 ιιιι
1043 2844 1098 2916 ipsi
1113 2845 1215 2905 vocari
1229 2861 1292 2905 ma·
1328 2858 1337 2875 ·

117 2947 228 3023 lebant)
244 2965 433 3007 caesareorum
448 2949 652 3008 collocutorum
667 2947 824 3020 incidisset,
840 2948 943 3007 Petrus
959 2947 1148 3008 aMalveucla
1163 2949 1208 3008 sic
1228 2948 1293 3008 lere

101 3053 196 3128 ¹loqui
217 3068 338 3113 exorsus
358 3059 416 3111 est:
447 3054 516 3128 Ego
532 3054 613 3114 vobis
637 3052 788 3129 perspicue
817 3058 847 3111 et
872 3051 1092 3111 euidentissimis
1112 3053 1293 3126 mgumentie

118 3165 243 3219 renuam
258 3154 354 3231 tidem,
370 3173 455 3230 quam
469 3174 520 3217 vos
535 3158 695 3232 sonuistis,
712 3174 770 3217 non
781 3155 882 3216 baberi
897 3157 928 3214 in
940 3157 1083 3231 scriptura
1094 3172 1150 3216 nec
1164 3172 1292 3232 unquam

118 3262 282 3339 epatribus
297 3263 459 3336 cogitatam,
481 3261 532 3322 secl
548 3279 610 3321 esse
625 3279 728 3321 nauem
749 3263 965 3339 persuasionem
981 3277 1035 3321 nec
1050 3261 1166 3336 quidem
1182 3279 1247 3324 esse
1259 3263 1293 3322 tn

119 3383 215 3426 rerum
230 3371 349 3440 natura,
365 3366 577 3428 demonstrabo.
599 3367 653 3426 llis
668 3368 852 3427 emecisnmis
866 3367 1050 3441 blasphemiis
1064 3367 1198 3428 Eubulus
1213 3383 1292 3429 eom·

118 3475 212 3529 motus
228 3486 280 3529 nec
295 3470 420 3544 baguam
435 3487 488 3531 nec
502 3472 627 3530 animum
641 3474 792 3531 continere
804 3473 911 3547 potuit,
927 3473 979 3532 sed
997 3471 1065 3546 »Si,
1080 3472 1183 3547 inqutt,
1206 3476 1289 3533 taum

118 3575 277 3648 principum
293 3582 323 3635 et
337 3581 463 3635 statuum
486 3581 651 3636 nosmorum
671 3575 816 3650 impendio
838 3577 888 3635 bic
900 3576 937 3634 (ie
951 3593 1010 3636 una
1026 3578 1216 3651 persuasione
1230 3575 1293 3651 egl-

117 3686 175 3752 tur,
192 3680 265 3740 male
280 3680 425 3740 adsumus.
447 3680 570 3740 Acmon
585 3681 624 3740 ed
638 3680 817 3740 Fridericum
839 3682 983 3754 comitere,
1007 3697 1091 3754 quem
1106 3681 1163 3742 subl
1177 3681 1247 3754 quia
1260 3685 1289 3740 at

117 3785 180 3859 ipse
194 3801 288 3845 comes
303 3791 380 3844 esset
394 3783 431 3844 aci
450 3783 506 3844 boc
521 3783 697 3860 Germanus,
719 3786 765 3845 cui
779 3801 829 3845 res
842 3785 1003 3845 Germania
1022 3785 1088 3861 plus
1103 3785 1246 3860 episcopia
1260 3790 1289 3845 at

118 3889 223 3947 exterb
236 3888 398 3948 bominibus
413 3888 492 3948 cordi
507 3904 570 3948 esse
587 3888 667 3963 (licet
680 3891 710 3948 in
730 3890 785 3948 hoc
799 3888 888 3949 falsum
904 3887 956 3965 sit)
969 3890 1104 3964 putabat,
1128 3903 1291 3951 sormam

118 3999 300 4065 convertens,
325 4009 360 4053 eo
383 3993 460 4067 qnod
482 3994 557 4053 idem
571 3994 736 4055 Friderieus
751 4010 811 4053 non
827 4010 862 4054 er
878 3995 955 4052 omni
970 4000 1054 4068 parte
1068 3995 1176 4070 linguas
1191 3995 1287 4056 natue

118 4110 226 4165 gnarus
240 4097 388 4170 existeret,
411 4099 573 4171 germanice
592 4101 760 4161 conveniens
781 4099 834 4160 ait:
860 4099 1013 4173 Scbuager
1027 4099 1106 4160 eund
1121 4099 1193 4160 berr
1207 4095 1293 4161 ent
