2678 4546
623 142 688 209 its

10 315 29 354 Ε
153 319 419 396 spernerentur
439 320 610 386 famulitium
632 340 697 383 curn
716 327 850 402 episeopo
870 328 900 385 iu
919 345 969 386 rus
992 326 1237 401 obequitabamns‚

10 418 36 461 θ’
72 423 117 484 sed
136 424 211 485 nibil
231 441 296 487 eum
318 444 355 489 eo
377 426 414 489 do
436 429 481 487 bis
501 429 601 504 rebus,
627 432 721 489 nescio
745 447 802 504 quo
823 432 906 507 genio
931 440 1125 507 repugnante,
1149 433 1237 498 locuti

72 544 174 590 sumus.

32 680 35 689 .
154 634 268 694 Eadem
280 636 312 694 in
325 636 391 696 loeo
405 638 529 710 quodam
543 639 714 714 paludinoso
734 643 773 709 ed
792 659 871 702 orani
886 643 958 715 Lyci
972 641 1095 701 fluminis
1109 643 1238 702 loannes

11 749 24 759 ·
70 739 263 800 asebomtad
276 745 307 799 et
320 756 375 815 ego
388 738 451 801 fere
464 742 605 805 submersi
620 763 742 824 memus,
758 752 813 808 nisi
829 764 881 808 nos
896 749 1051 825 propitium
1066 748 1122 809 Dei
1132 764 1237 807 numen

11 840 23 877 -“
71 844 124 921 (cui
137 845 202 906 lans
218 850 249 904 et
262 845 421 919 gradurum
436 845 524 923 actio)
542 861 694 913 serramet.
841 918 844 923 ,

10 976 16 983 ·
121 960 124 965 '
152 949 330 1021 Volebamus
343 952 486 1014 ioannem
500 954 580 1015 illum
590 956 726 1018 Noricum
741 962 903 1032 convenire,
921 976 1020 1018 rerum
1036 961 1060 1017 is
1075 959 1138 1018 aliis
1152 972 1235 1017 oecu-

28 1022 33 1111 l
69 1062 148 1129 patus
163 1062 238 1117 crat

26 1136 32 1235 l
150 1162 266 1224 Eadem
286 1162 453 1226 Hermanno
477 1165 573 1227 Nellio
598 1167 776 1242 herbarium,
805 1170 873 1228 item
896 1168 1000 1227 librum
1027 1164 1187 1226 Bibliandri
1207 1172 1237 1224 et

21 1288 31 1409 Ι
67 1264 225 1344 bulliugeri
245 1286 299 1342 per
320 1270 453 1329 nuncium
473 1288 492 1331 a
514 1272 685 1349 Nuumburg
702 1274 921 1333 transmisimus.
960 1273 1087 1334 ioannes
1109 1286 1236 1331 comesa

19 1414 30 1459 .-
66 1371 194 1448 Retberg
207 1373 357 1434 nebmoum
369 1382 502 1435 coenatus
516 1382 569 1436 est.

15 1482 27 1559 {-
150 1478 181 1551 vj
196 1476 277 1537 Junii
294 1480 325 1539 in
337 1480 447 1554 templo
461 1482 608 1542 Miserum
623 1483 808 1543 concionator
822 1483 939 1555 quidum
954 1497 1112 1541 sermonem
1127 1482 1234 1557 populo

64 1578 128 1642 fecit
142 1599 183 1643 ex
198 1588 218 1643 2
234 1600 298 1658 eap.
313 1583 418 1646 Joann.
434 1586 558 1661 apostoli
573 1588 701 1661 epistolae
720 1592 747 1646 1.
775 1587 892 1648 »Filioli
906 1589 977 1660 mei,
999 1587 1060 1645 haec
1075 1587 1169 1646 scribo
1183 1603 1233 1647 vo·

63 1688 112 1764 bis,
128 1705 168 1748 ne
182 1691 318 1765 peccetis,
335 1698 365 1751 et
378 1693 403 1750 si
419 1692 484 1765 quis
499 1694 668 1767 peccaverit,
685 1692 855 1753 advocatum
870 1694 1005 1753 babemus
1020 1694 1098 1768 opud
1113 1698 1234 1768 patrem,

62 1790 159 1854 issum
176 1792 324 1855 christum
336 1795 456 1871 jnstum,
472 1804 502 1857 et
515 1796 577 1872 ipse
592 1803 636 1856 est
650 1799 818 1872 propitiatio
832 1814 886 1873 pro
901 1800 1025 1873 peccatis
1046 1798 1161 1871 nostris,
1176 1813 1234 1856 non

63 1914 112 1970 pro
126 1900 238 1959 nostris
252 1904 350 1960 autem
363 1906 489 1976 tautum,
513 1901 564 1962 sed
583 1904 669 1962 etiam
684 1920 736 1976 pro
752 1904 840 1963 totins
854 1904 962 1962 mnndi.
991 1904 1030 1961 Et
1045 1919 1098 1977 per
1112 1902 1168 1960 boc
1182 1903 1235 1959 sci·

62 2018 131 2080 mna,
147 2004 232 2079 qnod
246 2006 429 2080 eognovimus
443 2022 517 2082 eum,
533 2008 558 2065 si
569 2008 651 2081 iussa
665 2008 963 2068 illiusobservamns.«
981 2007 1037 2065 Hic
1051 2006 1235 2066 concionator

62 2106 170 2185 docuit,
188 2108 262 2184 quid
276 2109 305 2169 d.
320 2110 447 2171 Joannea
461 2112 582 2187 singulis
597 2114 751 2186 scripserit.
790 2114 842 2171 His
858 2118 952 2171 antem
968 2110 1063 2170 verbis
1077 2112 1157 2170 illum
1173 2127 1232 2170 om·

58 2228 107 2274 nes
122 2214 300 2275 christianos
319 2216 427 2290 assoqui
450 2218 505 2291 ait,
523 2218 628 2290 iubens
647 2236 700 2277 nos
721 2220 876 2292 epecoutis
892 2233 1002 2276 cavere.
1042 2217 1233 2290 Posteaquam

56 2318 212 2392 autemid,
228 2320 367 2393 quamdiu
387 2336 504 2381 carnem
523 2328 552 2382 et
572 2325 740 2397 sanguinem
764 2325 794 2382 in
809 2322 983 2382 boemundo
998 2321 1232 2396 circumferimus,

56 2420 119 2484 lieri
134 2425 254 2500 nequit,
280 2426 350 2499 quin
369 2425 475 2487 sicubi
495 2444 659 2502 peccemus,
683 2430 738 2488 hoc
757 2429 784 2488 d.
807 2431 934 2490 loannes
955 2427 1074 2487 remedii
1097 2427 1232 2500 ostendit,

54 2531 167 2591 scilieet
182 2530 264 2604 qued
277 2531 434 2592 habeamus
449 2534 527 2608 apud
533 2532 626 2592 Deum
641 2533 808 2594 advocatum
825 2535 946 2606 unicum,
963 2549 1020 2590 non
1035 2531 1104 2589 dicit
1118 2532 1232 2604 multos,

54 2640 84 2695 et
96 2652 137 2696 ex
150 2635 211 2695 boe
224 2635 288 2696 loeo
304 2638 488 2698 concionator
502 2638 551 2698 ille
566 2655 632 2714 eos,
658 2640 707 2712 qni
730 2638 802 2697 alios
822 2644 872 2696 aut
892 2638 989 2711 plures
1010 2635 1164 2694 advocatos
1179 2637 1232 2693 im·

52 2740 174 2817 plorant
207 2745 260 2801 aut
282 2740 477 2816 implorandos
499 2747 618 2817 putent,
649 2742 828 2802 severissime
854 2741 1026 2815 corripiebat
1053 2738 1233 2799 evidentibus

52 2848 215 2923 emptura
228 2844 410 2906 testimoniis.
432 2846 531 2921 Hune,
548 2848 584 2907 de
599 2864 657 2920 quo
671 2848 718 2906 hie
732 2849 859 2907 ioannes
875 2848 1015 2919 loquitur,
1040 2846 1155 2904 unicum
1169 2860 1232 2904 esse

35 2952 252 3013 mediatorem
265 2951 344 3010 inter
356 2950 449 3009 Deum
464 2957 495 3011 et
507 2951 636 3011 homines
651 2959 706 3012 etc.
745 2953 835 3012 Eine
851 2952 914 3025 quis
931 2950 986 3010 sibi
1000 2951 1036 3010 de
1052 2951 1108 3010 alio
1124 2951 1231 3010 media·

54 3062 117 3117 tere
131 3056 277 3130 somniet,
297 3054 425 3115 Joaunes
441 3057 618 3131 evangelista
632 3064 662 3117 et
685 3057 832 3131 apostolus
848 3074 911 3116 enm
926 3074 962 3115 ex
976 3059 1090 3116 nomine
1105 3062 1189 3116 vocat
1203 3061 1233 3115 et

57 3160 194 3235 exprimit
208 3158 309 3219 Jcsum
317 3158 460 3220 christum
472 3162 591 3234 justum.
615 3162 688 3222 Item
701 3162 814 3221 dicebat
828 3162 907 3221 verbi
917 3161 971 3221 Dei
983 3162 1142 3219 ministrum
1156 3160 1232 3220 bono

61 3280 209 3327 ceunomo
225 3264 347 3324 similem
361 3282 425 3325 esse
439 3272 574 3340 oportere
589 3266 653 3343 (ant
666 3272 698 3324 ut
712 3282 765 3325 suo
784 3272 850 3324 utar
866 3264 974 3340 verbis)
991 3268 1083 3324 einem
1098 3264 1231 3338 Spietall·

64 3371 185 3431 ueister.
210 3370 242 3428 ls
257 3370 333 3428 enim
347 3386 465 3431 necesse
479 3372 580 3446 babet,
606 3387 642 3430 ne
663 3373 778 3445 aegrotis
794 3371 908 3430 eosdem
930 3387 1003 3444 qnos
1019 3369 1177 3429 valentibus
1192 3370 1231 3425 ei·

67 3470 108 3535 bos
122 3489 275 3549 apponere
289 3480 434 3550 procuret,
464 3478 521 3536 alia
536 3492 648 3550 quoque
662 3474 771 3535 ferculo
786 3473 950 3548 infantibus,
967 3475 1025 3535 alia
1038 3475 1144 3535 adultis
1159 3490 1232 3549 prae·

70 3574 115 3639 let
153 3582 203 3641 lta
227 3580 409 3638 ecclesiastes
428 3579 611 3641 refricatione
635 3581 706 3655 legis
729 3586 838 3641 mentes
853 3582 1030 3654 peccantium
1046 3578 1189 3638 remordet
1204 3585 1233 3637 et

51 3686 264 3771 ppoemtentiam
284 3684 422 3760 inculcat,
442 3684 561 3744 infirmis
582 3687 628 3745 lac
642 3685 786 3760 proponit
806 3690 836 3744 ct
851 3685 1030 3759 evangelium
1045 3684 1143 3743 laetum
1160 3700 1230 3742 nun·

52 3778 300 3865 f'mmproedieat,
327 3790 401 3848 sieut
424 3788 553 3850 Obristus
573 3790 814 3864 pseudodoctores
834 3788 910 3849 fures
927 3795 956 3849 et
969 3791 1097 3849 latrones
1112 3788 1231 3861 appelli·

55 3892 113 3967 bt
127 3900 158 3954 et
171 3894 324 3968 propbeta
339 3894 406 3954 olim
420 3896 612 3968 asperioribus
627 3894 723 3955 verbis
739 3896 768 3953 in
783 3896 884 3969 impios
899 3896 1003 3954 invecti
1019 3899 1094 3952 sunt.
1133 3890 1230 3949 Poeni·

72 3996 158 4057 entire
173 3984 253 4058 enini
275 3998 406 4059 doctrina
428 3999 537 4059 loetitiae
553 4000 692 4072 evangelii
708 4016 821 4058 annexa
835 4005 895 4072 est,
920 3999 998 4071 qnod
1013 4004 1042 4056 et
1058 3997 1187 4054 Christus
1202 3994 1232 4050 in

66 4103 199 4171 parabola
214 4103 252 4162 de
267 4120 312 4178 eo,
329 4104 377 4176 qui
392 4105 422 4162 in
436 4105 563 4164 latrones
578 4105 727 4178 incideret,
749 4107 794 4162 cui
809 4104 1001 4178 pandocnaeus
1017 4102 1112 4158 viuum
1129 4105 1157 4157 et
1172 4098 1230 4155 ole-

69 4216 111 4263 un
121 4207 152 4266 iu
175 4207 298 4268 wluera
316 4204 437 4284 infudit,
462 4208 569 4271 decuit.
621 4209 718 4268 Primo
733 4209 807 4268 enim
822 4209 919 4268 vinum
934 4204 1104 4296 mordacius,
1119 4203 1174 4262 hoe
1189 4208 1233 4262 est
