2678 4546
697 39 742 95 w

130 228 198 274 caro
213 217 243 273 et
257 215 374 289 sanguis
389 211 462 273 nihil
480 217 589 289 prater
606 211 755 288 pulverem
774 227 858 272 snum
879 212 983 289 sapiat,
1007 217 1046 287 ta,
1068 210 1188 273 domine
1207 220 1302 275 sancte

130 324 222 394 pater,
245 319 400 380 humillime
420 317 607 394 deprecamur
627 320 779 394 ingruente
794 335 869 378 nunc
883 318 1063 392 necessitate,
1088 316 1126 376 da
1146 317 1235 378 nobis
1254 318 1301 379 tibi
1328 365 1329 391 ,

129 421 220 484 fidere
240 429 327 499 atque
347 430 380 484 ut
396 425 481 499 juxta
500 429 581 483 tuum
600 425 801 499 praescriptum
820 426 856 484 in
869 423 983 484 silentio
1004 427 1035 481 et
1053 437 1105 497 spe
1125 425 1239 484 animas
1257 441 1301 484 no

130 534 205 590 atras
220 530 424 606 possideamus,
434 545 488 605 per
501 529 521 588 J
522 545 600 589 esum
616 528 760 589 Christum
775 529 920 591 dominum
935 533 1075 601 nostrum,
1092 528 1143 602 qui
1157 529 1235 590 visis
1250 536 1299 591 etc.

219 636 269 710 xiij
296 635 405 711 Aprilis
429 651 447 695 a
472 632 679 710 Weissenburg
700 634 911 696 lionowerdam
931 631 1053 709 proiecti
1076 648 1185 694 sumus.
1226 635 1300 695 Inter

129 739 384 816 weissenburgnm
406 745 435 800 et
454 739 591 801 Werdam
612 739 650 800 ad
663 739 826 801 Danubium
845 744 889 799 est
903 737 1050 799 Manbeim
1065 738 1216 816 oppidum,
1240 741 1299 802 olim

130 845 211 906 ducis
230 845 342 908 Ottonis
361 846 481 906 Heurici
500 845 626 906 Palatini
646 845 762 921 Banari,
786 860 844 920 quo
864 860 929 904 eum
948 841 1069 903 carolus
1089 842 1191 906 Caesar
1210 847 1249 909 ob
1262 863 1298 907 aa

130 957 237 1012 sertum
256 953 435 1028 evangelium
456 967 520 1010 cum
541 951 654 1024 reliqna
674 949 783 1010 ditione
804 950 883 1010 exuit
902 965 980 1010 auno
1005 951 1099 1010 1547.
1138 950 1196 1013 Est
1215 951 1298 1014 stab

129 1059 208 1119 batia
223 1059 359 1117 Keitzen.v

218 1163 273 1222 Est
292 1168 323 1221 et
336 1163 413 1221 inter
426 1159 572 1221 Manheim
592 1165 622 1221 et
636 1160 842 1236 Weissenburg
861 1177 953 1237 pagus
973 1160 1105 1235 dulberg,
1128 1162 1210 1222 inter
1224 1177 1300 1237 quam

130 1275 160 1329 et
180 1268 302 1328 alterum
321 1283 427 1342 pagum
446 1266 609 1346 Niderbach
628 1263 759 1326 fluviolus
779 1265 886 1326 Ursule
905 1270 958 1326 est.
994 1267 1029 1325 In
1048 1269 1102 1326 hoo
1116 1264 1218 1344 liuvio,
1242 1268 1300 1328 dnn

130 1374 247 1448 aquatio
261 1370 303 1447 fit,
327 1371 486 1432 caballnlus
500 1388 580 1432 meus
595 1373 626 1431 in
641 1368 758 1431 fluuium
772 1372 937 1432 subsidens.
968 1371 1032 1447 Ego
1052 1374 1150 1447 itaque
1172 1389 1243 1434 mox
1260 1372 1301 1433 de

130 1481 228 1541 cidens
242 1479 281 1540 ad
294 1478 397 1537 lavam
411 1477 441 1536 in
459 1477 654 1553 peristrophio
674 1477 766 1537 altera
785 1477 857 1538 tibia
875 1475 1003 1552 pendens
1018 1484 1049 1538 et
1066 1493 1085 1536 a
1099 1478 1248 1539 caballqu
1261 1479 1302 1538 la

130 1603 180 1646 sus
201 1591 231 1646 et
250 1600 326 1659 aqua
345 1581 508 1643 submersus
529 1580 655 1656 fuissem,
679 1584 709 1642 ni
729 1583 784 1643 Dei
804 1583 933 1643 bonitate
953 1589 984 1642 et
1005 1599 1095 1658 opera
1109 1582 1302 1646 Ludoricila

131 1691 201 1751 muli
222 1691 294 1765 mei,
327 1688 466 1749 Samuelis
490 1704 603 1763 quoque
626 1689 682 1747 mei
703 1689 816 1763 nepotis
839 1692 869 1775 et
890 1684 1012 1746 fratrum
1033 1688 1141 1748 auxilio
1164 1691 1198 1749 in
1221 1689 1302 1765 pedes

130 1798 277 1871 conjectus
298 1801 328 1856 et
350 1793 469 1855 eductus
490 1791 616 1854 fuissem.
653 1792 826 1853 Benedictus
848 1792 978 1853 dominus
998 1793 1088 1869 Deus,
1111 1796 1162 1868 qni
1185 1812 1241 1856 nos
1264 1812 1303 1857 ex·

130 1903 220 1963 traxit
234 1919 271 1962 ex
286 1904 368 1977 aquis
383 1901 489 1961 multis.
1056 1914 1062 1919 ·

218 2006 389 2067 Donwerdoe
404 2005 482 2082 apud
497 2005 681 2066 L'eonardum
697 2004 956 2066 Widdenmarcker
975 2008 1006 2066 in
1025 2007 1132 2081 insigni
1150 2006 1248 2069 leonis
1263 2007 1303 2069 de

130 2113 234 2188 aurati,
258 2114 288 2192 in
308 2127 342 2170 eo
363 2111 498 2187 hospitio,
522 2127 580 2185 quo
604 2108 752 2172 Cattorum
774 2111 907 2187 princeps
929 2119 959 2173 et
980 2113 1111 2173 dominus
1132 2119 1236 2173 nostor
1255 2113 1303 2173 cle

129 2218 322 2277 mentissimns
342 2217 515 2291 captivitatis
534 2231 594 2274 suae
615 2215 809 2276 hebdomadas
829 2217 928 2278 decem
948 2223 979 2278 at
996 2232 1098 2278 novem
1113 2221 1302 2294 transegerat,

130 2322 268 2398 hospitati
287 2337 392 2380 sumus.
428 2321 462 2380 In
482 2320 584 2380 eodem
603 2320 728 2396 hospitio
750 2321 884 2397 princeps
904 2323 1098 2398 insumpserat
1112 2321 1171 2383 duo
1186 2325 1303 2385 miliaci

130 2434 259 2489 mecenta
273 2425 458 2487 florenorum.
495 2424 618 2486 Domina
636 2426 770 2500 princeps
789 2433 889 2489 nostra
910 2427 987 2503 apud
1009 2427 1131 2488 eundem
1151 2427 1300 2505 bospiteu,

130 2535 198 2596 dum
212 2533 372 2609 Augustam
393 2530 535 2606 tenderet,
559 2530 620 2592 dies
639 2530 738 2592 decern
760 2539 790 2593 et
804 2540 929 2609 quatuor
942 2539 1055 2594 morata
1069 2511 1124 2593 est.
1155 2534 1194 2594 In
1209 2535 1299 2598 codw

129 2640 255 2716 bospitio
271 2638 452 2700 veredarium
466 2637 601 2697 nuncium
615 2637 696 2698 ducis
711 2639 841 2700 Mauritii
855 2639 998 2700 Elcduris
1013 2639 1184 2700 invenimus.

217 2743 328 2804 Eadem
347 2745 484 2817 magister
504 2743 618 2818 Florus,
643 2759 728 2817 quem
747 2745 906 2818 Augustam
925 2746 1165 2820 praemiseramus,
1192 2743 1298 2807 werla

130 2850 168 2910 ad
182 2848 344 2909 Danubium
365 2848 447 2909 nobis
462 2847 575 2908 obviam
594 2846 635 2922 lit,
659 2848 799 2924 indicans,
824 2850 872 2923 qui
887 2866 920 2910 se
940 2866 987 2909 rea
1001 2847 1142 2923 Augusta
1155 2849 1296 2913 haberem

220 2954 336 3015 Werdae
357 2956 388 3014 in
407 2953 592 3013 hibernacula
614 2959 643 3012 et
661 2954 761 3028 cubili,
785 2956 834 3017 ubi
855 2957 988 3030 princeps
1009 2960 1107 3015 noster
1128 2957 1295 3020 manebam

130 3077 211 3120 suam
225 3061 380 3133 babuerat,
404 3057 651 3133 pemoctabamus.

218 3168 357 3242 Augustae
372 3181 430 3225 una
445 3181 508 3223 cum
524 3162 693 3224 Coloniense
708 3166 739 3223 in
753 3181 805 3225 nos
821 3165 946 3240 querelis
966 3170 995 3225 et
1013 3163 1087 3225 dolis
1102 3167 1211 3226 mmati
1225 3166 1293 3228 marl
1327 3246 1329 3250 ι

130 3273 315 3346 Mainolpbus
337 3271 381 3330 bis
403 3269 544 3346 profugus
565 3268 742 3330 Flechtorlfii
766 3270 869 3345 abbas,
893 3271 1024 3331 consules
1046 3268 1292 3339 voicmnarionsa
1323 3332 1329 3347 ,

131 3376 255 3438 barones
269 3377 305 3437 de
320 3377 449 3450 Beuren,
473 3374 718 3436 Breidelarienses
733 3377 879 3451 monachi,
903 3358 1052 3451 Batbergii
1070 3380 1125 3436 etc.
1325 3356 1329 3371 ἵ

219 3480 245 3539 A
260 3480 369 3541 Werda
383 3481 569 3556 Neuburgum
589 3498 643 3540 arx
664 3482 774 3541 ducalis
795 3486 825 3542 et
840 3481 976 3557 oppidum
990 3482 1225 3559 amoenissimum,
1247 3493 1290 3556 qut

130 3593 160 3649 et
181 3588 243 3662 ipse
267 3586 365 3646 Caesar
387 3585 540 3646 otthonem
562 3586 719 3647 Henricum
740 3588 834 3659 exuit,
859 3586 949 3648 distat
969 3588 1094 3649 miliaria
1114 3587 1183 3649 tria.
1221 3584 1289 3649 Etis
1306 3648 1329 3671 ³

130 3675 985 3767 incisarum·soannrsuuzumspanrnaayrsosaar.
1312 3676 1329 3689 “

220 3799 253 3857 In
267 3799 321 3858 hoc
336 3795 471 3872 oppidulo
486 3796 652 3857 habitarant
665 3795 770 3858 batres
785 3797 908 3858 Arnoldi
924 3799 1072 3858 secretarii
1093 3797 1200 3860 dueum
1214 3799 1287 3860 Bau

130 3906 191 3965 riae.
223 3904 334 3963 Horum
350 3901 426 3961 adas
441 3900 539 3962 Caesar
553 3901 681 3963 funditus
696 3904 759 3963 loco
774 3901 905 3963 demoliri
924 3909 954 3962 et
975 3919 1120 3978 nmquam
1134 3893 1286 3967 reauiiai

131 4027 184 4085 per
199 4009 347 4070 beraldum
363 4008 461 4068 edixit.
1311 4082 1318 4091 ι

221 4113 355 4177 Relatum
369 4114 451 4176 nobis
466 4119 511 4174 est
524 4113 631 4176 ibidem
644 4113 682 4176 da
694 4114 790 4178 duello
802 4115 920 4192 pugnat·
928 4112 1047 4190 Georgii
1054 4119 1084 4176 et
1091 4104 1279 4179 Melcbiorisl
1299 4088 1325 4113 '⁵
