2678 4546
56 245 117 306 deun
130 258 248 321 qnoque
261 243 386 320 primum
398 240 560 305 audivimus
571 243 612 305 de
632 242 765 306 Conrado
786 245 912 321 Pennig,
933 247 983 320 qui
1001 247 1091 308 millia
1112 250 1221 323 aliquot

56 351 180 426 peditum
194 350 366 411 conduxisse
380 348 538 411 dicebatur.

139 456 222 530 xxiiij
237 456 319 515 iunii
333 455 449 515 werdae
463 455 502 516 ad
516 455 681 515 Danubium
697 456 832 515 Liborius
847 464 877 515 et
891 456 1036 518 Adrianus
1051 460 1221 535 expectandi

56 569 145 623 aaut
175 560 288 622 ibidem
302 566 412 636 autern,
435 562 503 635 quia
518 567 547 619 et
562 562 720 622 dominicus
736 560 796 619 dies
813 568 842 620 et
857 560 937 621 leriae
952 563 1073 623 loannis
1088 566 1221 639 baptistae

57 684 144 728 morea
158 672 269 747 essent,
292 682 351 726 non
365 683 424 726 una
438 682 522 726 sacra
536 669 634 728 concio
650 667 749 725 babila
765 673 816 724 est.
849 667 923 726 Nam
939 666 1015 728 inira
1029 671 1179 744 septimam
1192 680 1222 732 et

56 790 158 834 nonam
171 774 260 832 boras
273 773 400 831 ecclesiae
415 773 546 831 minister
559 778 590 831 et
604 772 802 846 ludimagister
817 789 879 831 cum
899 773 1032 833 sodalitio
1052 774 1221 837 scholastico

56 879 203 939 introitum
217 877 382 937 cantabant.
412 877 527 936 Deinde
542 877 646 951 aliquis
660 879 855 935 ministrorum
870 877 949 936 verbi
965 880 1070 953 populo
1091 880 1222 954 spiritum

57 984 160 1045 domini
174 985 349 1057 imprecatus
367 988 420 1042 est.
459 981 615 1041 Collectam
636 985 665 1040 in
687 989 785 1041 nostro
807 982 940 1042 idiomate
963 983 1141 1060 decantavit,
1164 1003 1222 1060 qua

57 1088 132 1150 inita
152 1090 285 1148 minister
307 1094 472 1162 suggestum
495 1087 623 1147 ascendit
646 1089 744 1162 legens
768 1089 917 1162 epistolam
940 1106 975 1148 ea
998 1091 1139 1151 dominica
1166 1109 1221 1165 pro

57 1197 144 1255 reteri
150 1194 280 1254 eoelesiae
288 1194 433 1268 morelegi
448 1194 571 1266 solitam,
588 1210 622 1252 ao
637 1195 666 1251 in
680 1194 800 1252 ambone
815 1200 981 1270 expertam,
998 1196 1090 1255 donec
1105 1197 1222 1270 alleluja

58 1301 236 1361 demutatum
252 1304 325 1359 erat.
360 1300 431 1359 Post
445 1298 522 1371 quod
536 1299 613 1357 idern
627 1300 756 1357 minister
772 1300 952 1372 evangelium
968 1317 1004 1359 ex
1019 1302 1099 1360 Luca
1113 1318 1176 1375 cap.
1202 1305 1220 1360 ti

59 1407 131 1481 legit,
146 1405 270 1465 scilicet:
289 1404 410 1464 «Estote
418 1420 488 1477 ergo
497 1404 703 1477 misericordes,
720 1406 794 1463 sicut
808 1409 837 1462 et
853 1411 937 1479 pater
953 1415 1045 1466 uester
1061 1386 1221 1467 misericors

60 1515 106 1570 est.
127 1510 377 1584 Nolitejudicarc,
393 1514 423 1568 et
437 1526 496 1569 non
507 1509 725 1582 judicabimini»
743 1518 796 1568 ete.
820 1510 859 1569 Et
874 1511 915 1568 sic
936 1511 1074 1571 illeabiit.
1093 1511 1221 1573 Incboro

61 1632 122 1676 tero
136 1617 189 1692 qui
202 1617 424 1677 concionntnrns
445 1620 522 1687 erat,
544 1614 630 1673 credo
645 1615 675 1672 in
695 1616 780 1674 deum
800 1618 891 1689 canit,
916 1632 950 1674 ac
970 1617 1169 1692 ludimagister
1188 1634 1223 1679 ac

61 1722 165 1796 nuqua
179 1720 302 1780 mesia
315 1719 473 1795 symbolum
488 1722 646 1794 suscipiens
666 1723 827 1793 germanice
848 1721 919 1780 illud
939 1724 1071 1796 complet.
1104 1724 1221 1783 Interim

61 1828 238 1888 mumonator
250 1826 401 1886 ambonem
416 1825 594 1898 conscendit,
619 1827 718 1898 paucis
733 1825 869 1897 praelatus
890 1828 1022 1887 invocato
1043 1829 1156 1887 nomine
1177 1828 1220 1887 di·

63 1933 121 1992 nno
135 1938 165 1993 et
178 1932 259 1992 elicta
272 1930 403 1989 cretione
418 1931 572 2005 dominica,
596 1931 776 2004 evangelium
792 1946 849 1989 non
865 1940 897 1990 ut
912 1934 999 1991 moris
1016 1939 1059 1991 est
1079 1934 1219 2007 relegens,

63 2037 106 2097 sed
118 2038 215 2098 statim
230 2037 437 2110 expositionem
452 2039 513 2111 ejus
529 2036 705 2111 aggreditur,
722 2036 833 2095 dicens:
850 2037 978 2096 Audistis
992 2039 1021 2096 in
1036 2040 1220 2099 enarratione

65 2143 155 2215 capitis
168 2142 258 2216 hujus
270 2147 341 2200 ante
354 2158 461 2216 paucos
476 2141 536 2201 dies
554 2149 583 2201 et
597 2143 682 2215 liujus
693 2143 754 2215 jam
769 2142 835 2200 lecti
851 2142 991 2216 evangelii
1007 2150 1126 2202 textum.
1150 2144 1221 2204 Ani·

64 2246 288 2308 madvertendum
304 2262 373 2306 tero
389 2252 446 2321 est,
470 2247 546 2320 quod
562 2246 692 2305 Christus
708 2247 765 2306 duo
781 2246 826 2305 bis
842 2249 937 2307 serbis
952 2249 1107 2308 admouere
1122 2251 1220 2322 uoluit,

65 2367 141 2411 mum
156 2360 189 2413 ut
202 2352 357 2427 discipulos
372 2352 411 2411 ad
424 2350 550 2411 futuram
559 2355 786 2426 persecutionem
796 2357 991 2428 praernuniret,
1007 2371 1064 2427 quo
1072 2354 1221 2427 baberent,

64 2472 111 2529 qno
124 2474 156 2517 sa
176 2459 404 2518 consolarentur.
436 2457 617 2517 Arbitramur
639 2460 715 2516 enim
736 2457 811 2530 quod
834 2475 890 2516 non
910 2460 969 2516 sint
989 2459 1138 2532 condignae
1158 2477 1223 2532 pas·

63 2563 149 2623 donce
163 2564 249 2637 hujus
263 2561 363 2622 mnndi
377 2563 415 2623 cd
429 2580 493 2623 eam
508 2580 572 2638 quae
587 2563 728 2624 relabitur
743 2563 863 2637 gloriam
878 2569 931 2621 eto.
963 2563 1044 2622 Dixit
1060 2565 1148 2637 enirn,
1170 2564 1221 2638 ait,

66 2684 130 2743 ‹ego
143 2671 228 2729 mitte
242 2685 295 2729 ros
310 2669 383 2727 sicut
397 2685 465 2729 oues
479 2671 511 2727 in
524 2667 618 2728 medio
632 2669 783 2742 lnporum»
803 2675 855 2727 etc.
879 2668 1010 2727 Alterum
1022 2668 1098 2743 quod
1107 2669 1222 2728 doceret

64 2771 212 2850 discipulos
231 2774 396 2834 discernere
411 2774 603 2849 evangelicam
615 2775 760 2847 justiciam
780 2791 798 2832 a
816 2776 933 2846 justicia
953 2774 1022 2848 legs.
1054 2775 1222 2849 Quanquam

64 2876 186 2939 Giristns
200 2879 248 2939 bic
262 2895 322 2939 non
335 2880 471 2953 loquatur
485 2880 521 2938 de
533 2880 650 2951 iusticia
666 2880 802 2938 smvante.
828 2879 901 2938 Nam
917 2880 994 2939 salus
1009 2897 1061 2955 per
1077 2879 1222 2939 Christum

63 2998 93 3043 cx
106 2986 235 3059 grutuita
248 2984 446 3045 misericordia
461 2985 545 3044 nobis
559 2985 647 3044 veuit.
679 2984 771 3043 Nimis
787 2986 863 3042 enirn
878 2986 952 3043 exile
968 2991 997 3043 et
1017 2993 1102 3045 tenne
1122 2993 1166 3045 est
1185 2985 1221 3044 ad

61 3088 176 3150 aduren
190 3104 274 3150 omne
289 3088 373 3165 illud,
396 3089 536 3164 quidquid
551 3090 656 3148 nostris
676 3088 811 3162 operibus
831 3087 944 3149 efficere
965 3107 1124 3164 possumus.
1164 3089 1222 3150 Sed

61 3191 187 3253 Christus
200 3195 248 3255 bic
263 3194 367 3255 docere
380 3197 484 3270 voluit,
501 3195 645 3270 quomodo
661 3211 712 3253 nos
728 3211 797 3269 erga
812 3198 956 3270 proximos
972 3200 1086 3254 nostros
1106 3210 1220 3269 gerare·

61 3315 115 3360 nus
130 3305 186 3360 etc.
216 3300 257 3360 Et
270 3300 341 3375 quid
365 3302 403 3361 sit
425 3302 501 3376 quod
520 3304 733 3376 scriptumest:
760 3300 1006 3360 «Misericordiam
1027 3300 1092 3358 volo
1116 3307 1145 3358 et
1164 3315 1222 3358 non

61 3388 261 3465 cenidum.»‘
288 3405 353 3466 Hoc
366 3407 431 3466 loco
445 3412 540 3465 autem
555 3408 740 3466 concionator
755 3405 824 3478 quid
838 3405 1033 3465 misericordia
1049 3407 1098 3480 sit,
1116 3406 1222 3466 diserte

61 3508 150 3569 decuit
163 3515 195 3570 ct
209 3511 261 3585 qut
276 3526 312 3570 ea
325 3513 492 3585 prestanda
506 3513 557 3586 sit,
580 3512 717 3584 adjiciens
732 3527 789 3569 non
809 3511 900 3568 solum
923 3511 1147 3569 misericordiam
1166 3511 1223 3571 dici

62 3616 133 3687 guod
146 3616 280 3702 mendico
294 3621 347 3675 aut
359 3617 468 3690 petenti
489 3617 593 3692 stipem
613 3622 664 3675 aut
684 3632 829 3674 nummum
850 3616 983 3689 largiaris
1004 3623 1055 3675 aut
1074 3618 1157 3675 amici
1177 3614 1222 3675 vel

62 3722 224 3796 egrotantis
237 3722 285 3782 rel
298 3718 398 3781 afflicti
412 3724 501 3781 vicem
516 3722 625 3796 doleas,
640 3723 671 3782 id
688 3722 762 3780 enim
775 3726 848 3779 teste
864 3720 977 3779 Christo
992 3723 1079 3780 etiam
1095 3721 1223 3779 ethnicos

63 3822 160 3887 lacere.
190 3827 249 3887 Sed
264 3826 296 3887 id
313 3842 377 3887 esse
396 3828 621 3909 misericordiam
641 3827 715 3885 sicut
736 3831 819 3899 pater
839 3827 963 3885 coelestis
985 3825 1146 3884 misericors
1169 3830 1221 3898 est,

63 3918 210 4003 oui'solem
224 3948 309 3992 snum
329 3931 496 3992 admirabile
518 3934 589 3994 illud
612 3936 706 3993 lumen
728 3938 757 3991 et
776 3932 859 3991 bonis
879 3938 908 3990 et
928 3932 1010 3989 malis
1031 3932 1125 3989 lucere
1145 3930 1221 4003 sinit,

63 4036 106 4109 oui
125 4037 155 4096 in
175 4054 248 4113 agro
268 4036 391 4097 bominis
409 4038 536 4097 timentis
562 4039 647 4097 deum
670 4043 782 4112 segetes
805 4053 933 4096 crescere
953 4042 983 4094 et
1006 4036 1034 4092 in
1055 4051 1125 4108 agro
1146 4037 1223 4095 athei

63 4154 137 4215 nque
150 4141 264 4203 fructus
276 4142 429 4203 uberiores
444 4142 495 4202 dut
508 4148 563 4203 etc.
594 4143 634 4202 Ut
649 4142 723 4201 idem
737 4141 792 4251 he⁰⁰
806 4142 901 4200 multis
922 4141 957 4199 de
977 4139 1152 4214 benignitate
1176 4141 1223 4200 dei
