2678 4546
683 55 748 121 134

128 264 186 304 non
202 251 265 303 erat
279 246 309 301 in
324 259 359 301 eo
380 240 495 298 veritas.
535 239 590 311 Qui
612 254 675 296 cum
696 237 873 295 mendacium
895 237 1037 309 loquitur,
1060 250 1097 293 ex
1118 237 1238 309 proprio
1260 235 1302 294 lo-

128 352 235 424 quitur,
243 350 312 421 quin
328 352 357 404 et
371 347 432 416 ipse
445 346 538 417 ipsum
550 351 579 402 et
594 343 771 401 mendacium
787 348 874 400 estet
888 348 972 416 pater
985 343 1046 413 ejus
1059 345 1113 399 etc.
1144 342 1174 398 Is
1186 342 1304 413 spiritus

129 471 251 526 nequam
267 458 295 510 et
310 450 421 509 sathan
435 449 563 521 qnotidie
578 451 683 522 satagit
698 448 857 506 doctrinam
871 448 946 504 illius
962 448 1080 518 spiritus
1092 446 1224 503 veritatis
1238 447 1304 504 snb

129 565 242 617 vertere
264 563 292 614 et
312 557 416 626 omnia,
440 559 473 612 ιιι
492 570 566 610 nunc
589 554 619 610 in
639 559 793 626 prospectu
812 557 865 623 est,
889 551 1061 610 conturbans
1081 566 1115 608 ac
1135 565 1261 623 regnans
1276 551 1305 607 in

130 663 196 720 filiis
213 660 389 719 diffidentiae.
428 659 541 716 Dicitur
559 656 635 715 idem
655 656 772 729 spiritus
794 672 817 712 s.
837 656 948 728 unctio,
972 671 1008 713 eo
1027 655 1106 727 quod
1125 655 1179 713 boc
1201 657 1307 729 spiritu

130 765 361 824 sanctificationis
377 764 450 821 etin
465 777 550 835 reges
565 768 595 819 et
609 763 640 818 in
655 760 821 819 sacerdotes
834 761 982 833 ungimur:
999 758 1180 831 Sacerdotes,
1194 766 1229 817 ut
1243 759 1306 817 Deo

131 869 258 943 quotidie
274 886 325 927 nos
341 870 418 941 ipsos
438 868 468 925 in
483 866 597 924 Christo
618 865 762 924 sacerdoti
781 882 891 923 summo
910 872 940 923 et
959 865 1022 938 regi
1040 865 1127 922 unico
1141 863 1305 939 offeramus,

129 973 334 1034 mortificantes
357 974 388 1030 in
411 973 465 1030 hoc
490 972 594 1044 spiritu
622 970 728 1028 veteris
748 971 839 1027 nostri
863 969 969 1028 Adami
991 970 1250 1043 concupiscentias,
1278 974 1306 1026 et

131 1096 220 1153 opera
242 1094 294 1136 nec
316 1093 374 1135 non
395 1083 425 1134 et
443 1091 543 1149 preces
558 1079 673 1132 sanctas
687 1074 752 1132 Deo
771 1071 924 1147 offerimus,
944 1073 1000 1132 hoc
1019 1075 1123 1146 spiritu
1143 1091 1167 1132 s.
1184 1074 1305 1147 gemitus

131 1190 245 1242 nostros
260 1181 428 1253 adiurante:
450 1181 554 1253 Reges,
571 1180 638 1252 quia
652 1181 683 1236 in
698 1177 813 1236 Christo
826 1194 980 1250 regnamus
994 1180 1024 1236 in
1038 1177 1173 1237 libertate
1189 1179 1305 1252 spiritus

133 1293 163 1344 et
185 1285 365 1342 conscientia
389 1285 425 1342 de
446 1284 565 1357 mundo,
590 1301 677 1342 carne
699 1289 728 1341 ct
751 1283 865 1341 diabolo
887 1299 941 1356 per
962 1299 1060 1356 regem
1079 1287 1109 1341 et
1129 1283 1306 1342 sacerdotem

133 1395 262 1448 nostrum
277 1389 375 1446 lesum
392 1389 535 1446 Christum
552 1389 671 1446 devictis
689 1389 838 1447 victoriam
856 1392 1048 1460 reportantes.
1084 1386 1200 1445 Dicitur
1219 1393 1250 1446 et
1264 1389 1305 1446 di·

134 1496 209 1567 gitus
231 1494 299 1565 Dei,
324 1510 358 1553 eo
380 1493 458 1565 quod
479 1493 558 1550 Deus
580 1499 663 1566 pater
685 1508 737 1568 per
759 1491 836 1549 hunc
857 1493 990 1565 spiritum
1011 1499 1159 1565 operetur,
1183 1494 1259 1551 sicut
1278 1495 1305 1551 in

134 1600 235 1658 Exodo
251 1599 327 1670 magi
348 1598 517 1670 Aegyptiaci
536 1597 679 1655 ulceribus
699 1595 824 1668 undique
843 1595 941 1654 iniecti
961 1597 1167 1655 exclamarent:
1192 1596 1305 1670 Digitus

134 1705 190 1762 Dei
204 1703 251 1760 hic
266 1708 309 1760 est
325 1708 379 1760 etc.
409 1702 522 1760 Dicitur
542 1707 571 1759 et
589 1702 702 1774 pignus,
726 1702 803 1773 quod
824 1702 906 1761 nobis
927 1703 1084 1774 promissus
1106 1707 1136 1760 et
1156 1701 1241 1760 datus
1261 1703 1304 1773 sit,

135 1815 298 1867 contestans
318 1807 463 1865 Christum
483 1807 565 1865 nobis
584 1808 693 1879 omnia,
718 1824 782 1879 quae
802 1808 946 1881 promisit,
969 1807 1181 1880 praediorum,
1204 1808 1305 1866 docens

134 1921 167 1973 ut
188 1914 260 1970 certi
282 1913 369 1969 simus
392 1910 430 1969 de
449 1911 645 1969 misericordia
666 1911 722 1969 Dei
745 1918 774 1970 et
793 1913 885 1970 salute
904 1911 986 1969 nobis
1006 1927 1060 1984 per
1075 1910 1220 1970 Christum
1241 1912 1305 1971 data

133 2025 187 2076 etc.
211 2018 264 2074 Est
279 2024 308 2074 et
322 2014 429 2074 arrabo
443 2015 632 2088 conscientia,
648 2031 706 2088 quo
721 2016 880 2089 consignati
895 2032 992 2074 sumus
1007 2016 1036 2074 in
1054 2013 1129 2074 filios
1144 2016 1305 2090 adoptionis

136 2129 165 2179 et
180 2121 334 2179 coheredes
351 2119 466 2178 Christi.
497 2118 627 2176 Christus
642 2121 728 2178 Jesus
746 2118 821 2179 filius
842 2125 887 2178 est
901 2121 1040 2179 naturalis
1054 2119 1111 2179 Dei
1131 2122 1234 2194 patris,
1257 2137 1305 2179 nos

136 2242 193 2283 non
209 2232 312 2282 natura
327 2225 379 2282 sed
398 2224 553 2300 adoptione
573 2230 602 2282 ct
621 2226 835 2298 consignatione
854 2223 940 2297 hujns
959 2225 1110 2284 arrabonis
1129 2240 1228 2283 sumus
1242 2223 1306 2284 facti

135 2326 186 2385 filii
202 2335 229 2386 et
250 2327 414 2399 coheredes,
438 2333 470 2383 ut
492 2328 576 2385 liceat
597 2329 679 2387 nobis
700 2330 730 2386 in
750 2328 806 2386 hoc
827 2330 930 2402 spiritu
951 2331 1085 2401 clamare,
1108 2327 1194 2389 Abba
1215 2336 1306 2404 pater,

134 2433 232 2492 eodem
254 2435 356 2504 spiritu
376 2433 498 2505 gemitus
519 2438 631 2492 nostros
652 2433 819 2506 adjuvante3
845 2440 964 2492 vocatur
987 2440 1017 2492 et
1039 2432 1124 2492 dator
1147 2450 1305 2508 muncrum,

136 2539 212 2610 quod
226 2547 284 2596 tam
301 2539 429 2620 speciosa
449 2536 524 2595 dona
544 2537 638 2603 nobis.
645 2539 797 2613 largiatur,
820 2545 853 2598 ut
874 2546 918 2598 est
937 2539 1098 2613 prophetias
1120 2539 1236 2614 donum,
1259 2541 1308 2599 do

135 2661 202 2719 num
218 2646 384 2717 sanationis,
409 2642 513 2700 donum
529 2646 707 2717 constantiae,
730 2642 799 2703 fidei
814 2650 868 2702 etc.
903 2645 971 2703 Non
984 2651 1081 2702 tamen
1101 2644 1233 2704 omnibus
1247 2644 1309 2704 haec

135 2747 210 2805 dona
225 2748 356 2820 largitur,
379 2747 431 2805 sed
445 2749 564 2821 singulis
580 2755 665 2821 prout
679 2751 740 2807 vult
755 2749 863 2808 dividit.
901 2750 956 2806 Hic
975 2754 1068 2809 autem
1089 2751 1223 2823 coarguit
1240 2750 1306 2809 doc·

136 2853 254 2923 trinam,
280 2868 336 2923 qua
358 2852 477 2924 papistae
501 2853 537 2910 de
560 2850 737 2926 benignitate
759 2852 815 2911 Dei
837 2854 965 2913 homines
987 2853 1120 2914 dubitare
1139 2854 1256 2926 jubent,
1280 2860 1309 2912 et

136 2971 208 3026 eam,
232 2957 283 3027 ait,
307 2973 343 3012 er
358 2962 440 3029 patre
455 2957 668 3017 mendaciorum
689 2956 805 3016 diabolo
825 2974 896 3016 csse.
934 2960 1006 3017 ltcrn
1025 2958 1102 3032 quod
1121 2959 1176 3019 hoc
1195 2975 1307 3019 merum

136 3076 258 3133 pneuma
274 3077 336 3117 cuni
352 3069 434 3134 patre
451 3067 480 3120 ct
493 3060 553 3120 filio
568 3063 598 3119 in
613 3078 670 3120 una
686 3067 715 3119 et
729 3064 828 3122 eadem
849 3065 957 3123 deitate
976 3065 1155 3124 adorandum
1170 3065 1217 3124 sit.
1256 3062 1306 3121 Cui

137 3182 250 3240 semper
265 3167 302 3223 sit
322 3167 385 3224 lans
407 3171 436 3224 et
455 3166 547 3225 bonor
567 3174 596 3225 et
616 3168 717 3240 gloria.
757 3167 867 3229 Clausit
884 3175 979 3228 autem
1002 3171 1167 3229 concionem
1188 3169 1307 3230 collecta

135 3277 165 3330 et
179 3287 264 3329 orans
280 3287 333 3343 pro
353 3287 432 3329 more
447 3273 521 3330 lilith
537 3271 611 3330 deun
627 3273 817 3332 Ehehaltenn.
848 3275 921 3332 Veni
936 3291 1006 3348 ergo
1021 3291 1038 3332 o
1051 3279 1166 3334 creator
1179 3277 1305 3348 spiritns,

135 3375 299 3432 consolator
314 3377 500 3450 merentium,
524 3376 637 3436 illustra
660 3385 689 3438 et
709 3395 778 3451 rege
799 3384 909 3437 mentes
931 3384 1045 3439 nostras
1066 3380 1097 3438 in
1115 3378 1161 3438 his
1180 3379 1305 3440 tenebris

136 3484 166 3536 et
178 3480 450 3553 perturbationibus,
467 3488 498 3540 nt
514 3481 659 3540 Christum
674 3483 772 3541 Jcsum
787 3499 854 3542 vere
869 3499 1024 3557 agnoscere
1040 3489 1070 3542 et
1084 3484 1114 3544 in
1129 3485 1193 3557 ejus
1208 3485 1302 3560 cogni-

135 3584 214 3642 tione
229 3582 354 3658 undique
368 3585 453 3646 modo
468 3586 642 3646 instantibus
661 3588 796 3660 periculis
814 3604 984 3660 permanere
1003 3589 1159 3648 valeamus.
1194 3589 1305 3664 Adjurs

135 3691 258 3762 gemitus
272 3697 386 3749 nostros
401 3696 433 3748 ιιι
451 3707 514 3748 cum
533 3690 637 3750 fidncia
659 3693 809 3751 clamemus
829 3693 912 3752 Abba
931 3701 1023 3767 pater,
1047 3694 1237 3754 conscientias
1255 3709 1302 3753 uo

135 3798 210 3851 stras
224 3791 282 3851 fide
297 3798 326 3851 et
341 3795 488 3867 patientia,
504 3811 540 3854 ne
556 3798 769 3856 succumbamus
784 3813 880 3858 coram
894 3799 1027 3872 rugiente
1041 3799 1135 3872 leone,
1151 3800 1302 3861 cumton

136 3902 165 3954 et
183 3914 299 3956 causam
314 3904 440 3957 nostram
460 3898 498 3957 ad
513 3901 633 3959 nominis
648 3901 703 3959 Dei
725 3903 860 3976 gloriam,
884 3904 1074 3977 subjectorum
1097 3903 1256 3980 proiectum
1275 3909 1302 3962 ct

136 4003 239 4059 anima
262 4009 367 4062 nostrae
390 4005 512 4063 salutem
535 4004 667 4079 dispone,
698 4008 746 4079 qui
773 4009 844 4067 viris
872 4014 901 4067 et
923 4025 1029 4084 regnas
1052 4025 1115 4069 cum
1138 4009 1202 4069 Deo
1225 4015 1300 4084 patre

137 4105 256 4178 Deoque
271 4105 330 4165 filio
344 4108 423 4167 Deus
439 4109 520 4167 vivus
536 4115 565 4168 et
578 4125 662 4168 nnus.
692 4109 793 4215 Amen.
