2678 4546
673 36 739 104 lue

120 240 184 298 quae
199 224 342 299 apparent
355 222 483 298 appetit,
505 225 538 280 nt
553 223 619 281 sunt
641 235 727 295 opum
741 220 860 298 cupido,
884 221 1023 299 splendor
1036 219 1215 295 musarum,
1230 221 1292 282 euri

121 333 158 388 et·
165 329 277 404 argenti
293 327 461 401 ostentatio,
477 325 581 401 festas,
602 327 699 401 larus,
721 328 844 389 avaritia
863 333 893 388 et
912 328 1056 402 superbia.
1095 329 1169 389 Item
1183 328 1216 388 in
1228 328 1292 389 reli·
1308 358 1312 367 ·

119 435 206 510 gione
220 441 299 493 amat
314 432 513 506 caeremonias,
535 437 703 492 ornamenta
725 447 798 493 auro
819 438 848 493 et
862 437 982 508 argeum
998 434 1141 506 colorata,
1157 449 1225 493 eum
1238 434 1291 509 spi·

119 541 192 599 ritus
216 538 322 599 Christi
347 545 376 598 et
396 537 590 614 apostolorum
612 537 695 598 deum
715 539 887 598 inveritate
907 540 1057 612 quaeritet,
1080 539 1166 613 iuxta
1187 538 1291 600 dietum

120 643 239 704 Christi:
263 643 387 717 Mulier,
404 643 468 703 dico
484 641 546 718 tihi,
563 659 657 718 nequo
672 643 702 702 in
717 649 814 705 monte
828 645 891 719 hoc,
908 659 1000 719 neque
1014 643 1228 718 Hierosolymis
1241 643 1290 704 ad·

121 751 240 810 orabitis
254 756 381 826 patrem,
405 750 456 809 sed
476 749 544 809 veri
557 749 726 810 adoratores
746 749 910 809 adorabunt
924 765 988 809 eum
1008 750 1039 808 in
1053 750 1161 826 spiritu
1175 750 1291 811 otveri·

120 860 180 914 tate
196 859 260 929 etc,
285 856 406 930 etiamsi,
423 855 516 928 inquit
529 854 687 928 Masculus,
713 855 737 912 si
752 854 824 914 nihil
838 855 885 915 vel
899 855 1128 931 deargentatum,
1144 855 1192 918 vel
1207 855 1292 917 deau-

119 965 214 1021 ratum
228 961 313 1021 adsit.
335 960 477 1020 Mundum
492 964 589 1019 autem
603 959 744 1019 restitisse
752 960 872 1033 spiritui
887 964 986 1021 sancto
1001 976 1037 1021 ex
1051 961 1125 1021 actis
1139 977 1205 1036 cap.
1223 963 1241 1020 7
1258 976 1291 1022 ex

118 1067 213 1127 verbis
234 1067 455 1140 protomartyris
477 1065 616 1140 Stephani
635 1063 782 1138 probavit:
805 1066 864 1126 Vos
883 1081 997 1140 semper
1015 1066 1132 1141 spiritui
1146 1085 1169 1127 s.
1186 1067 1290 1128 restiti·

118 1175 180 1248 stis,
197 1174 272 1233 sicut
285 1177 384 1247 patres
398 1172 501 1245 vestri,
526 1173 567 1231 ita
582 1177 611 1231 et
625 1161 746 1231 vos'ete.
784 1170 868 1244 Quod
883 1175 979 1230 autem
993 1171 1050 1245 ait,
1071 1171 1213 1233 mundum
1226 1186 1290 1233 euos

119 1279 239 1354 diligere
255 1283 308 1337 ete.
331 1279 389 1337 Hic
402 1267 498 1336 multis
514 1278 618 1352 docuit,
635 1275 819 1350 quamobrem
833 1275 956 1335 mundns
971 1292 1029 1350 eos,
1045 1277 1096 1349 qui
1111 1275 1229 1339 Christo
1241 1277 1288 1338 ed·
1319 1354 1322 1359 Ι

120 1385 240 1456 haercut,
256 1383 327 1442 nihil
342 1399 460 1457 prorsus
475 1388 591 1459 reputet
613 1384 687 1443 etin
703 1398 788 1456 quam
809 1382 1042 1443 multis'mundus
1058 1388 1088 1442 et
1100 1380 1155 1442 filii
1177 1380 1227 1444 dei
1239 1399 1289 1459 per

120 1489 305 1563 disdiapason
319 1487 492 1562 discrepent.
531 1488 613 1561 Quod
632 1492 729 1547 autem
748 1504 800 1549 nos
815 1488 851 1548 de
865 1489 972 1549 mundo
986 1505 1045 1549 non
1059 1504 1168 1564 sumus,
1190 1490 1223 1550 id
1236 1505 1289 1551 non

122 1600 166 1655 est
179 1594 271 1654 nostri
285 1595 398 1669 meriti,
422 1594 474 1654 sed
488 1612 525 1654 ex
540 1594 680 1655 electione
696 1592 817 1668 Christi,
843 1595 892 1669 qui
914 1611 980 1655 suos
996 1611 1032 1655 ex
1045 1610 1128 1656 mere
1142 1610 1198 1655 sua
1211 1595 1287 1656 honi·

121 1707 181 1761 tete
196 1701 291 1775 clegit.
316 1699 446 1761 Christm
460 1702 550 1776 igitur
564 1714 680 1766 causam
695 1698 754 1760 odii
773 1699 923 1776 expressit.
961 1699 1024 1759 Nec
1038 1699 1114 1759 enim
1130 1699 1223 1762 Semo
1234 1699 1288 1761 cel·

121 1822 210 1867 caneo
223 1807 352 1867 mulieris
367 1814 397 1867 et
410 1807 512 1866 semini
528 1805 588 1879 ejus
604 1805 784 1865 adherentes
803 1821 862 1864 non
875 1804 1038 1879 inquietare
1052 1820 1110 1864 non
1125 1810 1225 1880 potest
1237 1810 1289 1867 etc

120 1912 293 1985 Postequam
307 1913 346 1973 ad
360 1928 413 1971 nos
428 1916 458 1972 ct
471 1916 571 1971 nostra
584 1916 717 1985 tempora
725 1910 788 1970 haec
801 1910 982 1985 applicasset,
997 1909 1148 1970 Muscnlus
1161 1911 1219 1973 hoo
1231 1911 1287 1988 epi·

120 2015 291 2091 phonemate
306 2015 470 2077 concionem
485 2032 567 2077 suam
581 2015 695 2075 clausit:
719 2015 793 2088 Quia
808 2031 877 2089 ergo
897 2015 1043 2076 electionis
1057 2014 1112 2076 filii
1126 2032 1182 2079 noe
1194 2032 1288 2078 sumre

122 2118 378 2195 munemundus,
403 2121 521 2181 electori
541 2136 593 2195 per
613 2121 710 2180 omniu
728 2120 803 2195 grati
823 2137 887 2182 esse
906 2119 1081 2181 studeamus.
1120 2121 1207 2195 Quod
1223 2122 1289 2183 rehu

122 2226 252 2288 Christus
266 2228 329 2300 ipse
343 2224 418 2287 filius
433 2226 480 2287 dei
495 2232 525 2287 et
538 2228 632 2287 homo.
656 2225 758 2285 Amen.

211 2330 360 2391 Liborium
379 2331 418 2392 ad
438 2333 569 2392 comitem
584 2349 602 2393 a
616 2333 730 2392 Nessea
745 2332 881 2406 misimus,
904 2347 1004 2392 uerum
1018 2331 1043 2391 is
1059 2331 1184 2408 dixerut,
1199 2348 1232 2393 ee
1245 2348 1287 2394 re·

121 2453 257 2515 sponsum
272 2456 291 2498 a
306 2436 474 2498 coloniense
488 2436 616 2499 nondum
629 2439 783 2514 accepisse.
821 2437 848 2496 A
862 2440 998 2498 concione
1012 2439 1192 2499 licentiatum
1206 2439 1286 2501 Nico

121 2545 198 2605 laum
212 2545 316 2619 Meier,
332 2541 545 2619 Wulffgangum
560 2544 721 2605 Musonium
736 2550 766 2604 et
780 2545 923 2605 loannem
937 2544 1096 2605 Henricum
1111 2547 1231 2607 ellocuti
1243 2562 1286 2608 eu·

121 2667 193 2710 mus.
231 2653 326 2711 Maier
350 2650 496 2711 nobiscum
510 2650 654 2722 prandere
670 2651 786 2724 statuit,
810 2655 855 2710 ast
871 2649 1093 2726 Christophorns
1107 2650 1169 2714 dux
1181 2671 1202 2714 a
1212 2652 1286 2717 ,Wh-

120 2760 241 2831 tenberg
256 2756 338 2816 nobis
352 2755 445 2815 iactus
468 2756 581 2817 obviem
600 2757 693 2829 ipsum
713 2774 765 2831 per
779 2759 965 2818 secretarium
988 2774 1072 2818 sunm
1086 2760 1185 2822 vocari
1197 2760 1285 2834 jussit

121 2869 154 2924 nt
168 2863 283 2922 interim
298 2867 408 2921 taceam
422 2861 499 2936 quod
512 2861 555 2919 illi
569 2866 599 2921 et
613 2862 671 2922 alia
685 2863 805 2937 negocia
819 2878 882 2921 cum
897 2862 969 2922 duce
984 2869 1076 2924 erant.

210 2967 372 3040 injunctum
387 2972 431 3027 est
445 2967 534 3027 Floro
549 2973 581 3026 ut
596 2983 659 3026 cum
673 2967 786 3040 hospite
802 2975 910 3043 egeret,
932 2971 958 3029 si
973 2985 1085 3046 census,
1101 2973 1152 3046 qui
1167 2972 1210 3034 illi
1222 2971 1285 3033 heh

121 3073 256 3134 domatim
272 3071 408 3145 dabatur,
432 3073 521 3133 minui
535 3079 647 3148 posset,
669 3075 830 3148 praesertim
853 3074 931 3149 quod
945 3074 1072 3137 Joannes
1087 3075 1181 3138 freter
1195 3085 1226 3139 et
1239 3078 1285 3138 Se·

120 3180 197 3239 muel
212 3195 300 3252 nepos
315 3178 392 3238 ultra
406 3193 464 3236 non
480 3177 622 3238 adessent.
739 3220 740 3225 η

208 3285 319 3344 Eadem
339 3285 369 3342 in
388 3283 539 3358 horologio
553 3283 590 3343 ad
613 3285 753 3358 parietem
769 3286 911 3347 Mausolei
925 3289 955 3347 in
969 3287 1055 3350 horto
1069 3287 1190 3366 Georgii
1203 3292 1285 3352 Jour-

123 3392 167 3450 nis
182 3390 309 3486 Fugperi
322 3389 376 3449 hos
392 3405 491 3449 versus
505 3389 647 3464 ascriptos
662 3388 732 3463 legi:

286 3523 344 3574 Nou
362 3538 438 3575 secus
457 3540 489 3576 ae
508 3528 615 3591 flumen,
633 3542 718 3593 neque
736 3528 806 3578 euim
825 3528 968 3580 consistere
986 3529 1082 3580 flumen

285 3612 340 3663 Nec
358 3612 446 3665 brevis
465 3614 528 3665 horu
546 3621 640 3682 potest,
659 3616 705 3667 sed
723 3623 752 3666 ut
770 3616 842 3667 unda
859 3616 1002 3683 impellitur
1020 3617 1093 3670 nuda

286 3700 451 3767 Urgeturque
469 3703 560 3754 eadem
578 3705 686 3754 veniens
704 3711 832 3771 urgetque
851 3707 974 3773 priorem:

289 3789 420 3856 Tempore
437 3791 477 3842 sic
496 3793 600 3858 tugiunt
618 3794 715 3859 puriter
735 3795 882 3861 pariterque
900 3800 1052 3860 sequuntur.

208 3915 319 3976 Eadem
345 3918 427 3978 nohis
453 3918 559 3990 pileola
587 3919 643 3980 duo
666 3921 827 3982 holoserica
852 3923 1078 3996 comparavimus
1105 3921 1288 3986 Etzdorihum

124 4036 181 4080 uno
200 4020 385 4083 honorantes.
424 4023 535 4084 Eadem
553 4024 730 4086 licentiatum
744 4027 839 4087 Maior
863 4028 899 4088 ad
921 4029 1022 4088 dacem
1036 4027 1204 4090 Udalrioum
1226 4043 1287 4105 pm·

123 4123 228 4186 fectum
242 4144 306 4190 esse
321 4129 519 4207 comperimus.
