2678 4546
679 47 743 112 luo

122 233 270 306 Aegyptus
285 232 323 289 sit
338 230 423 289 homo
440 235 468 287 et
483 246 541 288 nou
556 230 645 304 Deus,
669 229 720 288 sed
741 233 772 287 tu
792 245 845 288 nos
863 227 917 287 suh
931 228 1062 287 homines
1081 227 1221 301 dejecisti.
1251 227 1292 287 Ila

122 337 289 409 patientiam
310 350 343 391 ac
364 332 450 392 fidem
470 353 503 394 ao
524 351 637 394 causam
658 335 731 393 hanc
752 334 843 407 dirige
865 333 1018 392 seeundum
1040 332 1201 391 bonitatem
1219 338 1290 391 tuam

124 457 266 513 magnam.
298 439 416 497 Jussisti
431 439 506 497 enim
521 457 608 513 super
627 445 656 498 te
671 439 825 513 cogitatum
843 445 974 498 nostrum
989 439 1112 511 jactare,
1137 454 1227 510 quare
1241 453 1291 495 nou

124 543 222 603 diffido
240 544 308 616 quin
324 550 352 601 et
368 543 464 602 facies.

211 649 338 706 Joannes
354 646 443 707 frater
458 655 555 708 noster
571 664 665 706 eomes
686 648 764 721 apud
783 649 925 707 Joannem
944 647 1125 707 Fridericum
1147 647 1290 706 electorem

124 760 252 812 coenatus
268 758 320 826 est,
345 755 394 825 qui
409 755 439 811 in
454 755 512 811 suis
532 753 665 826 periculis
687 752 731 829 (ut
745 757 789 810 est
803 752 945 825 piissimus
965 751 1112 828 princeps)
1128 753 1217 812 etiam
1231 752 1291 811 elio

123 876 187 916 rum
203 865 308 917 sortem
325 859 465 930 deplorat.

212 963 334 1021 Domine
350 964 443 1037 Deus,
469 965 515 1022 cui
537 965 613 1021 inter
636 961 801 1020 innumeras
816 962 918 1021 laudes
933 967 963 1020 et
977 940 1031 1022 hoe
1046 964 1169 1024 encomii
1184 963 1294 1037 proprie

125 1070 286 1141 ascribitur,
304 1069 380 1141 quod
396 1069 483 1142 erigis
499 1069 584 1126 elisos
600 1071 629 1125 et
643 1067 730 1124 solvis
745 1066 932 1139 compeditos,
948 1068 1105 1140 aliquando
1119 1074 1149 1128 et
1164 1069 1238 1127 hune
1252 1074 1293 1126 tu·

124 1191 172 1232 um
187 1172 324 1231 famulum
339 1175 361 1231 Ι.
378 1173 412 1230 F.
430 1174 533 1243 libera,
558 1178 591 1230 ut
605 1168 776 1230 confiteatur
799 1189 903 1231 nomen
918 1178 998 1231 tuum
1014 1181 1043 1232 et
1057 1172 1295 1248 magnificentiam

124 1284 202 1336 tuam
219 1279 351 1337 celebret.
393 1278 426 1336 ld
441 1279 517 1335 enim
532 1295 584 1351 per
601 1281 692 1359 totam
709 1275 892 1335 Germaniam
906 1278 1029 1352 supplex
1043 1283 1095 1336 tua
1111 1278 1233 1338 eeclesia
1247 1296 1297 1352 per

125 1401 199 1456 eum,
218 1385 263 1442 cui
279 1384 349 1442 nihil
364 1390 521 1458 negaturus
538 1400 577 1456 ea,
593 1383 693 1441 Jesnm
703 1381 846 1440 Christum
864 1382 999 1442 dilectum
1012 1380 1104 1441 filium
1118 1388 1211 1459 tuum,
1228 1390 1295 1444 orat.

214 1488 302 1547 Funff
319 1489 506 1561 Augspurger
533 1486 658 1546 Centner
681 1488 739 1545 und
763 1488 885 1561 dreissig
910 1482 936 1544 C
961 1489 1024 1549 hatt
1047 1488 1100 1548 der
1120 1488 1206 1549 Graii
1224 1507 1296 1549 ιοιι

126 1595 267 1669 Dengenn
283 1595 440 1668 gewigenn.

214 1700 244 1772 iij
260 1700 340 1785 lunii
363 1700 393 1756 in
413 1698 519 1770 templo
536 1696 671 1757 Mauritii
687 1696 716 1755 d.
732 1695 880 1754 Masculus
896 1713 932 1756 ex
945 1713 1008 1771 cap.
1028 1699 1068 1756 15
1083 1697 1208 1759 loannis
1226 1699 1297 1758 hunc

127 1810 237 1865 textum
247 1809 415 1878 prosecutus
426 1809 485 1861 est:
505 1802 586 1860 »Hoc
602 1807 645 1860 est
660 1807 836 1875 praeceptum
851 1820 953 1875 meum,
971 1809 1003 1862 ut
1020 1802 1147 1878 diligatis
1162 1821 1214 1864 vos
1228 1806 1294 1864 iuvi·

127 1927 196 1981 cem,
213 1908 287 1967 sicut
307 1907 393 1965 dilexi
409 1923 468 1965 vos.
507 1906 648 1979 Maiorem
670 1907 724 1964 hae
746 1888 926 1966 dilectionem
949 1926 1032 1967 nemo
1051 1909 1157 1984 habet,
1187 1915 1220 1970 ut
1238 1911 1295 1983 quis

127 2016 249 2073 animam
265 2028 344 2069 suam
360 2017 449 2083 ponat
463 2028 515 2085 pro
533 2011 629 2070 amicis
645 2012 725 2070 suis«
743 2016 796 2070 etc.
819 2013 875 2071 Hic
889 2013 984 2071 multis
1002 2014 1037 2072 de
1052 2015 1195 2074 charitate
1209 2014 1298 2075 docuit

128 2126 158 2178 et
172 2118 317 2191 quomodo,
329 2115 460 2200 Christus
486 2132 542 2174 non
558 2117 649 2175 solum
665 2117 810 2190 docuerit,
836 2116 888 2176 sed
904 2123 933 2176 et
947 2133 980 2176 re
994 2119 1057 2192 ipsa
1072 2121 1251 2194 praestiterit,
1273 2123 1297 2176 ct

127 2223 194 2281 hinc
209 2221 369 2294 exemplum
384 2237 437 2278 nos
453 2236 565 2278 sumere
581 2220 696 2280 debere.
727 2223 792 2281 Non
809 2223 883 2282 enirn
899 2222 1054 2283 doctrinam
1071 2222 1141 2283 fidei
1156 2227 1231 2285 scire
1245 2223 1295 2284 sul·

126 2326 228 2399 ficere,
253 2327 277 2385 si
292 2343 349 2384 non
373 2331 402 2384 et
416 2325 537 2384 alteram
552 2332 679 2400 partem,
701 2327 755 2385 hoc
770 2331 827 2399 est,
845 2344 909 2400 quae
926 2327 1056 2387 domiuus
1078 2333 1258 2406 praeceperit,
1272 2335 1295 2388 et

130 2435 275 2507 suscipere
299 2438 327 2491 et
346 2432 505 2491 doctrinam
520 2432 612 2490 crucis
628 2432 724 2490 subire
739 2432 872 2506 velimus,
897 2434 970 2493 sicut
990 2436 1094 2508 etipse
1111 2435 1244 2495 dominus
1259 2435 1294 2494 di·

129 2542 217 2599 uerit:
232 2541 294 2598 »Ite
309 2538 500 2613 praedicantes
509 2537 688 2612 evangelium
698 2537 832 2595 docentes
842 2553 890 2595 eos
901 2553 1016 2598 servare
1026 2539 1130 2610 omnia,
1149 2558 1214 2613 quas
1229 2557 1293 2616 pra·

129 2648 192 2719 cepi
207 2646 317 2704 vobis«
358 2645 428 2703 Item
446 2661 530 2715 quam
547 2645 702 2702 enormiter
716 2644 759 2717 hi,
777 2645 826 2715 qui
841 2660 927 2703 uuam
942 2649 1053 2704 tantum
1068 2650 1183 2719 partem
1199 2645 1293 2720 arripi·

132 2754 193 2819 unt,
217 2753 343 2819 peccent.
383 2748 455 2805 item
477 2746 554 2818 quod
569 2746 699 2805 Christus
722 2764 778 2806 non
801 2754 860 2806 tam
882 2751 1054 2825 praeceperit
1070 2767 1158 2823 quum
1175 2752 1295 2825 exemplo

130 2851 264 2908 allexerit
279 2853 309 2906 et
323 2865 408 2920 quam
428 2846 621 2904 frustraneum
644 2848 681 2903 sit
695 2847 823 2911 homines
846 2854 883 2913 ad
900 2853 1079 2914 dilectionem
1096 2856 1140 2913 sui
1157 2874 1260 2931 cogere
1274 2861 1295 2913 et

131 2952 208 3026 quod
223 2953 303 3024 prius
319 2951 425 3008 dietum
442 2949 537 3021 potius
552 2948 748 3021 magistratum
764 2956 876 3033 deceat,
901 2960 1033 3018 nimirum
1055 2961 1167 3020 animos
1188 2975 1295 3021 suorum

130 3057 245 3116 allicere
262 3063 291 3117 et
305 3068 408 3129 cogere
423 3056 453 3109 et
468 3053 597 3126 exemplo
614 3051 719 3114 Christi
734 3062 829 3121 aliena
849 3080 907 3122 nou
921 3080 972 3122 suu
989 3081 1129 3138 quaerere,
1171 3066 1297 3126 Ostendit

131 3170 274 3239 praeterea
292 3179 352 3220 rem
376 3157 504 3217 odiosam
527 3177 589 3219 osse
605 3178 657 3220 sua
673 3165 760 3224 solius
776 3170 924 3228 commoda
940 3186 1079 3241 quaerere.
1118 3170 1192 3230 Haec
1206 3178 1297 3231 autem

131 3269 291 3330 doctissime
305 3268 335 3325 in
352 3266 423 3325 duas
438 3266 542 3327 classes
552 3268 679 3342 digessit,
696 3271 763 3330 licet
773 3289 826 3330 nos
842 3289 877 3331 ea
892 3275 1076 3333 tumultuarie
1090 3275 1297 3350 scripserimus.

131 3373 171 3431 At
184 3374 226 3430 ait
241 3387 353 3444 quoque
369 3372 651 3434 animadvertendum
667 3393 739 3450 esse,
757 3395 813 3449 quo
829 3384 957 3451 tempore
963 3378 1093 3439 Christus
1108 3381 1172 3439 haec
1189 3383 1297 3453 dixerit,

130 3477 238 3536 scilicet
253 3475 306 3533 sub
321 3477 350 3534 id
364 3480 500 3552 temporis
523 3497 586 3539 cum
610 3497 727 3540 carnem
747 3499 827 3541 suam
848 3485 901 3542 sub
924 3502 998 3557 pane
1018 3491 1049 3544 et
1063 3488 1234 3560 sanguinem
1249 3486 1297 3545 sub

129 3584 196 3641 vino
211 3581 241 3639 iu
256 3583 408 3644 novissima
429 3602 512 3646 coena
532 3590 607 3648 iuter
632 3588 786 3662 discipulos
805 3588 999 3663 distribuerit,
1020 3590 1125 3663 iubens
1146 3591 1175 3650 id
1191 3594 1298 3666 quoties

129 3688 259 3747 iacerent
274 3688 303 3745 in
320 3693 485 3750 memoriam
499 3695 544 3751 sui
558 3691 631 3765 fieri,
655 3711 689 3752 ac
709 3693 846 3768 postridie
867 3694 897 3753 id
912 3694 990 3767 quod
1005 3694 1118 3754 dixerat
1135 3698 1298 3772 expleturus

131 3799 202 3853 erat.
240 3792 336 3865 Atque
355 3795 400 3853 hie
423 3810 563 3867 quemque
587 3812 682 3856 secum
697 3799 859 3871 expendere
871 3799 959 3871 jussit
973 3800 1057 3873 hujus
1072 3802 1203 3861 immensi
1218 3802 1298 3862 bene

132 3897 188 3955 ficii
202 3898 362 3969 energiam,
388 3896 523 3970 quidnam
538 3901 576 3959 sit
591 3903 692 3976 dmm,
717 3922 777 3962 rem
801 3909 899 3978 utpote
915 3905 1124 3981 dulcissimam,
1142 3925 1197 3982 pro
1212 3910 1297 3968 amieo

130 4002 289 4074 reliquisse.
314 4002 386 4061 ltem
402 4001 472 4075 quid
486 4003 582 4064 anima
597 4006 626 4063 in
641 4008 790 4082 seripturis
804 4008 925 4080 dicatur,
943 4009 1087 4069 indicavit.
1111 4010 1171 4071 Eos
1187 4028 1296 4087 quoque

132 4107 315 4181 coarguebat,
333 4108 381 4179 qui
395 4106 590 4184 somniarunt,
612 4108 666 4169 hoe
687 4109 751 4172 loeo
766 4112 910 4175 Christum
926 4115 993 4174 solis
1008 4117 1146 4193 apostolis
1163 4117 1199 4178 de
1216 4117 1296 4177 dilec-
