2678 4546
672 57 735 122 loa

118 239 239 307 lonensi
260 247 411 321 petituros.
457 242 578 314 Insuper
599 239 704 311 hospes
726 254 779 296 nos
801 238 918 296 interim
941 237 991 295 illo
1013 237 1109 310 magis
1131 238 1221 297 noxio
1243 230 1295 296 ulli

119 352 242 411 mambae
256 351 301 409 bis
316 349 418 423 posite
435 347 478 422 (iu
494 361 551 417 qua
564 349 660 402 mmen
679 359 758 400 mors
777 358 841 400 esse
859 341 977 415 dicitur)
999 341 1134 415 donavit,
1158 359 1214 400 nec
1236 357 1295 401 non

119 463 150 515 et
162 455 263 513 libello
278 453 412 525 Casperia
425 451 573 522 Huberini,
589 449 781 507 continentem
796 448 980 521 septuaginta
995 447 1069 505 duas
1084 447 1293 517 conclusiones,

120 559 222 633 quibus
237 564 338 616 contra
352 556 537 621 interimistas
552 559 693 625 utrasque
709 553 830 625 spadam
843 551 1015 610 sacramenti
1028 551 1177 624 probavit.
1200 550 1293 610 Ambo

119 662 186 722 libri
200 662 238 719 ab
251 677 309 718 uno
325 660 481 732 eodemque
496 656 676 730 typographo
684 657 822 729 Auguste
836 658 867 714 in
880 657 937 715 boc
946 654 1144 714 menseJunio
1158 657 1292 728 impressi

120 771 212 825 erant.
243 767 283 823 Et
297 781 332 822 ne
347 764 416 836 quid
432 763 571 821 molestia
586 759 669 818 nobis
689 761 815 832 deesset,
838 761 938 820 eadem
958 776 1075 832 quoque
1096 760 1294 820 Paderbornae

120 872 270 944 episcopus
286 869 417 942 querelas
432 883 499 925 suas
515 866 775 938 redintegraverat,
799 881 871 937 quas
886 865 1037 923 concilium
1052 865 1205 938 imperiale
1226 864 1296 922 Pbia

119 975 198 1048 lippo
212 981 242 1033 et
255 975 370 1032 Eubulo
384 987 438 1046 per
452 971 601 1028 ostiarium
616 984 738 1026 camera
752 970 909 1043 imperialis
923 970 1094 1027 transmisit.

208 1079 266 1151 xxij
282 1079 363 1136 Junii
376 1076 524 1134 Masculus
539 1074 576 1132 ad
591 1091 614 1131 s.
624 1074 793 1131 Maeotium
807 1090 843 1132 ex
858 1089 921 1147 cap.
940 1073 1113 1131 tolosanis
1126 1071 1191 1129 hoec
1205 1070 1294 1130 verba

120 1184 206 1257 legit:
234 1182 284 1240 «Si
300 1192 358 1240 non
371 1181 513 1238 venissem
528 1182 558 1236 et
571 1178 684 1236 locutus
698 1175 814 1236 iuissuu
829 1179 885 1252 eis,
908 1183 1057 1252 peccatum
1070 1194 1129 1236 uon
1143 1176 1293 1235 haberent

120 1287 205 1346 Nunc
220 1291 316 1344 summ
331 1301 388 1342 non
403 1283 526 1356 babent,
550 1282 627 1354 quod
641 1287 803 1354 praetexant
815 1289 933 1355 peccato
947 1297 1009 1340 suo.
1042 1282 1099 1353 Qui
1111 1297 1159 1339 ma
1174 1281 1247 1354 odit,
1269 1283 1293 1338 is

122 1397 152 1449 et
166 1396 276 1463 patrem
292 1406 385 1448 meum
401 1388 480 1446 odit»
494 1392 548 1445 etc.
571 1387 627 1445 Hic
640 1386 849 1458 precedentem
863 1388 1034 1446 sententiam
1048 1387 1176 1460 repetiit,
1192 1386 1290 1445 dicens

121 1499 256 1568 oportere
276 1492 429 1565 diligenter
448 1498 604 1550 sementem
622 1491 670 1548 bic
690 1506 726 1548 ex
745 1492 836 1562 paleis
855 1492 1015 1551 rendlabro
1035 1497 1183 1550 excutere.
1216 1491 1290 1562 Quid

122 1597 234 1671 odium,
258 1597 327 1668 quid
342 1597 504 1668 persecutio
519 1597 557 1654 sit
572 1601 602 1654 et
616 1611 673 1667 quo
689 1594 819 1653 Christus
838 1597 900 1654 hac
920 1596 979 1655 duo
998 1596 1133 1670 degerat,
1156 1595 1291 1653 nimirum

122 1703 153 1758 in
166 1702 366 1774 ignorantiam.
390 1699 554 1758 Videndum
568 1705 664 1757 autem
678 1700 729 1771 ait,
744 1715 781 1756 ne
790 1716 875 1772 quem
881 1716 1099 1772 persequamur,
1113 1699 1172 1758 nisi
1187 1701 1240 1772 qui
1252 1697 1288 1756 ob

120 1807 232 1878 insigne
247 1805 363 1877 aliquod
377 1802 487 1861 facinus
502 1803 568 1862 odio
582 1803 684 1875 diguus
700 1803 857 1861 censendus
871 1805 922 1874 sit,
939 1809 969 1862 et
981 1803 1013 1862 id
1027 1820 1086 1862 non
1101 1804 1158 1863 nisi
1172 1805 1288 1876 cognita

121 1928 216 1971 causa.
247 1910 287 1967 At
302 1925 378 1966 nunc
391 1909 474 1965 multi
488 1913 570 1982 suut,
592 1910 641 1979 qni
656 1907 785 1964 haeretici
804 1907 964 1965 doctrinam
983 1906 1087 1966 Qum
1109 1924 1174 1968 esso
1193 1909 1288 1967 clami·

120 2021 193 2088 tant,
209 2031 272 2071 cum
281 2018 376 2071 tamen
385 2013 439 2084 ipsi
449 2029 512 2070 eam
524 2013 569 2070 vel
583 2014 679 2084 legere
694 2011 740 2069 vel
754 2011 855 2070 audire
870 2008 970 2084 nolint,
987 2008 1055 2084 quia
1070 2029 1130 2071 non
1144 2016 1288 2071 noverunt

120 2135 166 2177 me
187 2133 280 2189 neque
302 2132 366 2173 cum
388 2118 438 2187 qui
459 2117 536 2174 misit
557 2132 602 2174 me
625 2122 680 2174 etc.
717 2116 773 2173 Hic
794 2115 924 2174 Christus
945 2116 1064 2189 exponit
1083 2117 1286 2190 ignorantiam,

121 2222 190 2280 dicit
203 2220 319 2278 Judoeos
334 2237 392 2278 non
407 2221 519 2277 novisse
534 2236 607 2278 eum,
638 2220 713 2278 Nam
727 2221 805 2293 quod
817 2219 990 2278 Nicodamus
1004 2220 1058 2278 ait:
1084 2221 1197 2280 Scimus
1212 2220 1288 2293 quod

121 2341 140 2383 a
155 2324 217 2383 Deo
234 2325 359 2395 exivisti,
381 2323 530 2397 magister,
551 2330 614 2382 erat
629 2325 741 2396 quidem
757 2325 877 2397 alicujus
892 2325 1035 2397 scientie,
1051 2342 1111 2384 non
1125 2331 1224 2385 autem
1239 2326 1289 2384 sci·

123 2429 201 2501 ebat,
224 2428 301 2501 quod
316 2429 340 2486 is
355 2432 431 2485 esset
447 2427 576 2486 Christus
591 2429 640 2485 ille
655 2445 673 2486 a
687 2434 769 2500 patre
784 2429 887 2486 missus
901 2431 931 2486 in
946 2430 1014 2502 hoc,
1035 2435 1069 2487 ut
1083 2446 1138 2502 per
1152 2431 1248 2503 ipsum
1262 2435 1289 2486 et

120 2534 150 2591 in
165 2535 219 2593 boc
234 2549 291 2590 uno
307 2533 429 2591 salutem
445 2538 696 2604 consequerentur.
728 2534 877 2591 Praeterea
891 2533 1029 2606 perpauci
1042 2534 1074 2590 in
1094 2534 1150 2592 bac
1171 2535 1289 2593 scientia

120 2638 277 2696 Nicodemo
299 2637 404 2694 similes
423 2634 552 2707 fuerunt,
578 2639 668 2695 ceteri
688 2637 773 2708 hujrrs
799 2636 905 2696 Christi
929 2638 1045 2697 omnino
1067 2638 1212 2696 rationem
1235 2653 1288 2696 non

121 2739 293 2800 habuerunt.
333 2742 389 2811 Qui
410 2758 479 2800 vcro
499 2742 581 2799 initia
602 2741 687 2812 hujus
709 2741 900 2799 Nicodemicae
920 2742 1032 2800 noticiae
1054 2741 1237 2814 babuerunt,
1260 2739 1288 2797 lri

122 2841 317 2916 proiecerunt,
341 2843 390 2901 alii
405 2861 462 2902 non
477 2847 554 2904 item.
585 2845 640 2903 Hic
655 2850 751 2902 autem
766 2847 859 2922 oritur
879 2847 1015 2918 questio,
1040 2862 1109 2903 num
1127 2846 1289 2919 ignorantia

122 2951 246 3004 excuset.
277 2947 331 3004 Est
345 2947 458 3020 quidem
473 2949 650 3022 ignorantia,
667 2966 731 3021 quae
747 2949 958 3021 quodammodo
974 2949 1144 3008 excusabilis
1159 2955 1287 3023 apparet,

123 3059 156 3111 ut
170 3051 277 3109 Paulus
293 3053 347 3109 ait:
372 3053 543 3124 ignoranter
556 3051 627 3126 ieci,
644 3061 762 3127 propter
777 3054 855 3125 quod
870 3059 900 3111 et
914 3053 1142 3113 misericordiam
1155 3069 1287 3113 comem·

122 3161 168 3213 tus
183 3172 255 3213 sum.
286 3156 407 3213 Planum
423 3162 468 3213 est
482 3158 571 3228 enim,
596 3158 672 3229 quod
688 3158 795 3216 Paulus
810 3158 871 3216 zelo
892 3159 1015 3230 quodam
1034 3157 1098 3215 baec
1119 3159 1290 3217 commiscuit

123 3267 177 3318 etc.
208 3261 262 3317 Est
277 3267 373 3318 autem
390 3261 496 3333 duplex
512 3262 686 3333 ignorantia:
711 3279 769 3320 una
784 3277 897 3334 eorum,
920 3261 1052 3335 adquos
1072 3262 1155 3323 verbi
1175 3263 1288 3322 cnutus

122 3379 180 3422 aon
195 3365 324 3434 pervenit
339 3369 389 3421 aut
405 3363 508 3436 quibua
524 3364 594 3422 illud
609 3366 655 3423 vel
669 3365 765 3437 legere
786 3366 832 3423 vel
851 3367 951 3425 audire
972 3383 1029 3426 non
1048 3368 1238 3440 permittitur,
1261 3371 1290 3425 ct

123 3466 261 3538 eiusmodi
283 3466 413 3525 hominos
432 3468 529 3540 aliqua
549 3469 661 3527 ratione
683 3469 860 3528 excusabiles
879 3472 1022 3530 videntur.
1053 3472 1111 3530 Hic
1131 3470 1286 3544 mterjcdt:

123 3566 181 3627 Cur
195 3584 264 3626 vero
280 3570 382 3629 nolunt
400 3571 497 3645 legere
517 3574 563 3631 vel
584 3574 685 3631 audire
704 3573 830 3647 alioqui?
854 3575 969 3650 (taxans
991 3590 1143 3650 cesarem,
1166 3577 1217 3650 qui
1237 3573 1289 3635 au

123 3673 235 3746 quidvis
251 3676 399 3748 praescribi
414 3693 432 3734 a
447 3675 598 3750 pontificiis
618 3678 707 3752 sinit).
737 3679 840 3738 Altera
859 3680 1022 3753 ignorantia
1041 3687 1088 3740 est
1105 3696 1221 3756 corum,
1241 3676 1289 3754 qd

122 3779 261 3837 suadente
275 3781 385 3840 malitia
400 3781 545 3840 Christum
561 3788 590 3840 et
604 3783 723 3841 verbum
738 3785 798 3856 ejus
814 3784 915 3842 andire
929 3792 960 3843 et
977 3786 1051 3844 scire
1071 3788 1189 3862 uolunt,
1212 3794 1243 3848 ct
1259 3784 1289 3845 bi

121 3885 248 3942 exomni
264 3890 347 3956 parte
364 3886 538 3944 damnabiles
553 3893 627 3945 sunt.
653 3887 737 3958 Quod
752 3894 848 3945 autem
862 3888 1025 3961 ignorantia
1034 3890 1153 3951 Judaeos
1168 3908 1228 3953 non
1240 3907 1288 3951 ox·

121 3993 210 4057 cusat,
226 3988 333 4061 liquido
350 4005 385 4048 ex
400 3990 495 4048 verbis
511 3987 617 4047 Christi
633 3995 725 4064 patet:
750 3993 853 4051 Sinon
874 3995 1014 4055 venissem
1033 4001 1064 4055 ot
1082 3997 1198 4057 locutus
1219 3995 1288 4056 iuis·

122 4104 181 4145 sem
196 4091 237 4149 eis
252 4098 305 4151 etc.
337 4093 410 4151 Nam
427 4093 557 4152 cbristus
572 4095 665 4166 palam
682 4097 711 4153 in
726 4099 892 4172 synagogis,
916 4099 1024 4171 templo
1040 4107 1070 4160 ct
1090 4100 1170 4176 apud
1191 4100 1289 4162 turbu
