2678 4546
677 39 741 101 loo

126 229 173 286 tos
187 228 285 284 ιιοιιοι
302 219 404 281 durius
428 222 608 296 premeretur
626 223 678 278 aut
697 219 728 278 in
746 218 950 292 capitulatione
973 217 1019 295 (ιιι
1032 214 1151 294 vocnt)
1170 217 1243 295 qnid
1254 233 1301 280 me

125 329 269 391 iacturum
283 328 451 400 reciperem,
467 324 544 384 unde
558 324 685 384 libertati
703 330 811 384 nostrae
831 326 877 385 ael
897 325 1054 400 privilegiis
1075 324 1188 399 aliquid
1201 325 1302 401 pericli

128 450 191 494 esse
205 436 311 507 posset.
334 432 460 506 Rogavit
474 447 588 505 qnoque
603 437 741 505 cognatus
756 437 865 506 noster,
886 439 919 492 ιιι
939 432 1037 492 ιοιιιιι
1050 445 1070 490 a
1083 430 1202 491 Nasson
1215 445 1298 504 peon·

127 541 215 614 ιιιιιι,
231 555 318 613 qnam
332 537 388 598 huc
401 539 539 597 missurus
555 541 640 611 esset,
656 537 773 611 talarus,
789 537 907 597 sirecte
921 537 1045 610 memini,
1062 535 1201 596 comatos
1216 533 1298 596 alier-

125 661 188 707 rem
204 644 353 718 eidemque
368 644 430 717 eius
446 644 560 703 nomine
574 644 684 718 gratias
699 657 823 716 agerem
847 643 919 702 Haec
933 643 1029 702 omnia
1038 640 1228 701 libentissime
1241 639 1298 700 tac·

124 758 221 813 turum
236 766 282 810 me
296 749 403 824 recepi,
419 750 504 809 modo
520 748 590 824 quid
611 747 743 821 precibus
767 749 892 809 obtineri
906 753 1013 821 posset.
1051 747 1225 822 Respondit,
1248 764 1299 820 pro

125 858 201 918 virili
216 871 350 932 egerem,
376 855 421 914 sin
435 856 528 914 minus
543 854 586 913 illi
601 859 681 914 certo
696 869 865 928 persuasum
880 871 957 927 esse,
980 858 1092 927 patrem
1111 866 1196 913 sunm
1220 869 1299 928 seque

124 966 156 1025 in
170 966 276 1039 omnia,
293 961 396 1037 quibus
411 977 457 1021 me
471 961 644 1021 astrictorus
658 975 766 1034 casem,
782 975 988 1020 consensurum
1003 975 1127 1034 qnoque,
1151 958 1259 1020 obnixe
1272 965 1299 1019 et

124 1068 245 1131 iaham
264 1073 393 1129 nostrum
408 1066 572 1140 Philippum
591 1081 650 1124 non
671 1066 764 1126 minua
788 1083 824 1126 ac
838 1081 883 1125 me
906 1066 1078 1140 deprecans,
1101 1081 1139 1126 ne
1153 1080 1243 1139 qnam
1255 1063 1298 1124 rel

125 1176 188 1248 ejus
201 1174 249 1234 rel
262 1173 354 1248 patris
369 1171 542 1231 mentionem
556 1169 724 1231 laceremus.
762 1171 919 1246 Respondi,
935 1186 1001 1244 quae
1014 1186 1063 1230 res
1078 1168 1203 1244 ferebat,
1219 1168 1296 1229 chri·

125 1285 202 1340 ιιιιιι
216 1292 332 1352 rogans,
348 1282 381 1335 ut
394 1276 532 1348 sospitem
545 1277 638 1350 ipsum
652 1275 819 1336 adnostros
834 1274 1004 1350 deduceret,
1023 1275 1243 1352 Augustamque
1255 1292 1296 1336 re

126 1385 207 1460 petii.
245 1380 477 1443 Astronomicum
497 1380 662 1441 Oaesaroum
683 1381 808 1456 ‚Appiani
827 1383 995 1442 Hermanno
1009 1381 1107 1441 Nellio
1128 1381 1298 1443 uadendum

128 1502 218 1562 nepos
232 1491 331 1546 noster
345 1488 442 1546 seouni
449 1486 618 1560 asportarit,
635 1502 706 1559 quos
721 1502 817 1547 secum
832 1502 869 1546 ex
883 1492 1005 1561 paterna
1019 1486 1130 1548 familia
1142 1486 1298 1564 Augustam

127 1593 303 1666 minuerat,
333 1607 448 1664 omnes,
465 1589 581 1652 Christo
595 1592 704 1666 gratia,
727 1592 883 1652 incolumes
897 1609 994 1652 secum
1008 1593 1139 1668 abduxit,
1154 1593 1225 1653 licet
1237 1590 1296 1651 ott

128 1716 225 1760 marus
241 1698 278 1760 ab
294 1714 368 1773 equo
382 1699 549 1759 calcitratus
563 1697 660 1773 luerit,
673 1698 837 1758 Helvetium
852 1713 922 1758 uero
936 1698 1008 1758 illia
1021 1697 1144 1772 pedibus
1158 1703 1228 1759 anta
1241 1697 1297 1758 dies

130 1807 242 1880 aliquot
255 1803 414 1865 liberaliter
429 1803 588 1864 dimiserat.
617 1804 748 1864 Deducat
762 1804 841 1863 illum
857 1804 1017 1864 Samuelem
1031 1804 1154 1878 angelus
1168 1805 1260 1866 Jacob
1272 1808 1298 1862 et

128 1913 243 1973 beatum
265 1911 346 1971 illum
370 1907 458 1970 tmiat
475 1909 621 1984 dominus,
644 1914 677 1969 ιι
700 1909 759 1968 suis
773 1909 861 1969 sitin
882 1909 977 1984 patria
999 1913 1085 1983 pater
1111 1913 1142 1969 et
1160 1910 1192 1970 iu
1209 1911 1296 1971 virum

123 2018 209 2091 juxta
224 2031 274 2075 cor
292 2014 400 2075 domini
414 2013 529 2074 evadat.
552 2014 656 2075 Amen.
1325 2082 1333 2092 ¹

216 2122 328 2182 Eadem
342 2119 491 2180 Liberium
505 2120 630 2194 Viglium
651 2136 752 2179 rursus
771 2121 923 2181 convenire
939 2120 1076 2195 jussimus
1099 2126 1131 2182 et
1143 2126 1178 2181 nt
1191 2120 1296 2183 doctori
1323 2158 1333 2177 .

128 2227 216 2288 Seldo
230 2227 358 2286 notulam
371 2225 452 2286 illam
465 2231 638 2300 reportaret.
677 2227 740 2286 Hac
760 2226 807 2286 die
829 2228 952 2301 primum
966 2242 1003 2286 ex
1016 2224 1180 2289 Etadortfio
1194 2226 1294 2299 sudat
1322 2260 1333 2303 .

125 2333 268 2393 caballum
285 2347 378 2391 meum
381 2348 462 2407 ,quo
476 2333 539 2405 ipse
553 2332 618 2391 vehi
633 2332 770 2403 solebam,
792 2332 885 2390 visum
900 2332 1031 2392 amisisse
1045 2337 1079 2393 et
1088 2333 1178 2393 abum
1192 2333 1323 2409 Hercu

126 2440 288 2514 breitingen
308 2454 382 2512 pane
404 2455 423 2498 a
441 2435 575 2497 furcifero
595 2437 719 2511 quodam
738 2434 865 2496 foratum
885 2435 982 2497 luisse.
1021 2436 1079 2510 Qui
1103 2454 1169 2497 cum
1183 2440 1214 2498 in
1229 2452 1295 2512 equo
1318 2480 1333 2520 ,

127 2552 247 2620 erraret,
264 2546 368 2605 miselli
383 2544 532 2618 cujusdam
547 2545 654 2618 aurigae
666 2559 770 2616 equum
785 2558 849 2602 cum
864 2560 929 2603 meo
944 2544 1044 2617 inputo
1057 2542 1142 2604 freno
1157 2549 1188 2604 et
1202 2544 1293 2620 ephlp
1316 2584 1333 2633 t

126 2655 175 2727 pio
190 2653 375 2727 phalerisque
389 2650 522 2711 abduxit.

217 2756 366 2817 conradus
388 2755 463 2815 Foss
487 2755 587 2813 caesari
609 2754 664 2814 duo
686 2753 776 2813 millia
795 2758 825 2814 et
850 2742 1020 2829 quingentos
1048 2771 1156 2817 aureos
1181 2760 1333 2851 namq

128 2861 293 2922 currentis
286 2876 316 2918 m
329 2860 465 2920 mulctam
479 2859 569 2919 dabit.

216 2965 327 3025 Eadem
350 2965 493 3038 quendam
516 2966 584 3026 olim
606 2965 733 3025 eDauia
754 2964 884 3040 iugatum
904 2967 1068 3040 episcopum
1091 2967 1121 3026 in
1137 2966 1316 3060 mmmm,

128 3071 200 3131 orbe
215 3070 395 3145 athenien,
417 3072 466 3144 qui
488 3088 507 3131 a
526 3072 646 3145 septima
668 3070 897 3130 antemeridiana
918 3071 957 3132 ad
980 3072 1179 3133 duodecimam
1192 3079 1333 3178 ιιιιιι

128 3179 190 3250 ejus
204 3177 260 3237 diei
282 3183 425 3252 aegrotans
446 3178 602 3251 expiravit,
628 3179 674 3236 cui
693 3176 808 3236 beatam
833 3179 1074 3238 resurrectionem
1095 3186 1126 3239 et
1149 3130 1333 3284 propitia:

128 3283 212 3342 deum
232 3299 397 3357 precamur,
424 3284 454 3342 in
473 3283 643 3344 dominicum
658 3282 795 3357 Augustae
820 3283 1026 3359 deportarunt,
1047 3287 1146 3347 nescio
1161 3303 1235 3361 quas
1246 3300 1295 3347 rar
1305 3336 1333 3392 u

127 3389 271 3448 remoniaa
294 3386 430 3448 funebres
459 3405 546 3463 super
571 3391 632 3463 ejus
662 3390 780 3450 exuvias
811 3380 1000 3451 celebrantes.
1046 3391 1158 3465 Quibus
1181 3390 1311 3469 pereat·

128 3493 250 3553 funus
242 3512 272 3552 m
300 3494 394 3554 locum
420 3497 602 3556 secretiorem
632 3511 696 3555 cum
722 3495 902 3570 sarcophago
934 3502 1108 3570 seponentes
1138 3515 1175 3559 ac
1204 3502 1333 3606 praa

127 3600 335 3673 sarcophagum
367 3601 467 3659 currui
503 3604 681 3676 imponentes
719 3600 789 3660 illud
819 3603 904 3674 juxta
929 3602 1128 3665 Constantiam
1162 3559 1333 3709 ιιιιὼῖ

128 3708 196 3766 dum
219 3707 418 3780 deportarunt
479 3708 547 3767 Fuit
571 3708 617 3765 hic
646 3707 795 3784 episcopus
820 3707 936 3766 nomine
966 3714 1078 3768 ιιιιιιιι
1103 3725 1159 3770 nec
1181 3656 1333 3803 ιιιιιυῖ

127 3814 341 3886 episcopatuum
361 3827 478 3871 suorum
497 3827 614 3886 compos
633 3810 704 3886 tuit,
735 3828 834 3871 verum
850 3813 965 3872 abunde
987 3815 1081 3887 gratia
1101 3817 1221 3878 cesaris
1241 3810 1333 3889 ιιι·

129 3918 207 3977 ditus
221 3918 332 3989 aliquot
351 3917 464 3990 hahuit,
487 3917 582 3976 aulam
605 3919 721 3976 caesaris
737 3925 866 3992 secutus,
889 3919 934 3977 cni
955 3919 1024 3978 olim
1042 3922 1226 3994 grabemur
1242 3920 1322 4009 ιὰ

130 4023 185 4080 nisi
200 4020 403 4097 Grandeveloe,
420 4038 457 4082 ne
470 4038 552 4082 suam
568 4024 752 4082 autoritatem
766 4025 942 4097 amitterent,
959 4042 965 4080 ι
1039 4026 1108 4085 mla
1121 4026 1312 4089 ammud-
1319 4086 1333 4121 e

224 4126 334 4185 Eadem
348 4126 597 4203 aromatarium
614 4129 731 4191 Seldnm
745 4136 776 4190 et
790 4145 888 4190 omues
903 4129 964 4191 lere
979 4146 1001 4191 o
1073 4132 1161 4193 iarios
1175 4132 1333 4211 ἰιιιιιν1

1315 2696 1333 2741 l·
