2678 4546
612 66 676 133 lla

52 253 129 312 male
144 246 292 311 ordinavit
304 266 440 324 nuquam,
464 254 495 308 et
510 254 554 308 est
569 251 753 324 magistratus
774 266 856 323 aeque
876 250 1019 313 ordinatio
1034 253 1099 328 Dei,
1123 270 1157 312 ae
1171 258 1230 314 sta·

53 366 99 418 tna
113 358 291 417 matrimonii
305 361 359 415 ete.
397 355 510 415 Deinde
525 353 648 414 officinm
664 356 731 414 boni
746 363 776 415 et
791 353 867 430 frugi
887 359 957 415 civis
977 358 1070 418 obiter
1091 360 1230 434 depinxit,

52 466 177 523 innuens
192 478 278 536 qnam
293 464 318 522 is
332 462 436 521 nihils
456 464 600 535 potestate
621 460 674 520 sibi
696 463 797 520 timere
818 462 922 523 debeat
943 469 997 523 etc.
1028 466 1078 523 Ait
1093 470 1188 525 autem
1202 464 1230 524 d.

54 570 177 627 Paulum
199 569 246 628 bio
269 569 326 627 dno
348 582 471 641 ponere,
501 566 608 624 scilicet
630 568 828 640 magistratum
855 584 873 626 a
895 568 959 628 Deo
982 570 1146 630 ordinatum
1168 588 1231 630 esse

53 676 216 734 ministrum
228 672 294 748 Dei,
317 673 400 733 bonis
415 674 446 731 in
458 672 573 745 bonum,
596 673 679 730 malis
700 675 730 731 in
751 674 854 730 malum
875 679 962 746 atque
977 679 1127 738 terrorem
1157 676 1231 737 Esse

53 782 142 854 igitur
164 782 365 853 magistratum
386 783 579 852 protectorem
601 782 631 837 et
651 776 793 850 refugium
815 777 969 853 bonorum,
1000 782 1140 840 malorum
1162 797 1231 841 vero
1321 842 1322 845 ,

54 885 264 945 destructorem
294 888 325 943 et
345 884 526 957 depulsorem
556 884 683 941 malitiae.
723 882 926 955 Magistratnm
951 902 1065 959 quoque
1088 888 1164 946 serio
1187 888 1232 946 sni

54 991 182 1050 muneris
203 991 344 1049 rationem
366 989 473 1048 habere
496 988 614 1060 monuit,
637 993 738 1062 utpote
759 1005 831 1061 quos
846 989 925 1048 Dens
948 991 1035 1050 dirim
1051 993 1094 1050 sui
1111 993 1232 1050 nominis

16 1134 20 1145 ι
55 1098 211 1171 participes
233 1092 348 1167 fecerit,
379 1098 409 1153 et
432 1108 503 1167 qnos
525 1092 553 1150 d.
578 1091 685 1150 Paulus
708 1092 755 1150 hic
778 1093 985 1153 ordinationem
1010 1097 1065 1155 Dei
1090 1104 1119 1156 et
1142 1099 1232 1172 ipsius

55 1203 202 1261 ministros
224 1199 363 1273 appellet,
387 1205 416 1257 et
439 1214 496 1271 quo
518 1199 591 1256 scire
615 1199 738 1270 possint,
764 1215 893 1271 quanam
916 1203 961 1258 sui
983 1200 1068 1260 officii
1092 1204 1158 1276 sint,
1182 1220 1231 1262 eos

55 1307 84 1367 id
98 1307 130 1384 (l.
147 1303 195 1381 ut)
210 1304 403 1378 addiscerent
427 1302 465 1363 ad
480 1303 624 1362 Psalmum
640 1305 681 1361 82
698 1305 818 1361 remisit
851 1304 961 1378 (Habet
975 1313 1071 1366 autem
1086 1308 1132 1366 hic
1147 1306 1229 1366 Psal-

10 1402 15 1437 ἶ
56 1429 114 1471 mus
137 1412 355 1485 inscriptionem
379 1408 442 1468 Oda
465 1409 563 1484 Asaph
586 1414 615 1466 et
637 1425 736 1467 versus
758 1407 846 1483 octo.)
885 1410 980 1482 Quare
1003 1428 1059 1470 non
1083 1414 1179 1488 pigeat
1202 1418 1232 1472 te

23 1598 26 1603 Ι
58 1521 145 1591 ipsum
167 1519 276 1591 legere.
317 1516 390 1575 Item
411 1516 498 1588 iussit
520 1515 663 1588 inspicere
687 1515 809 1588 primum
831 1515 926 1574 Esaiae
951 1523 1037 1591 caput
1064 1523 1092 1576 et
1119 1518 1231 1576 Moisen

10 1640 13 1645 ·
60 1622 198 1682 dicentem
217 1621 314 1680 «lusti
329 1621 405 1694 qnod
417 1621 525 1695 justum
545 1617 790 1692 estiudicate.«¹
819 1621 891 1678 Item
914 1621 990 1695 qnod
1014 1620 1179 1683 defensores
1202 1629 1231 1682 et

61 1734 286 1803 propugnatores
301 1742 377 1785 vera
391 1725 539 1799 religionis
554 1741 587 1784 sc
602 1723 682 1782 verbi
697 1725 752 1784 Dei
772 1726 965 1785 ministrorum
986 1732 1015 1784 et
1030 1727 1060 1784 in
1075 1728 1163 1786 verbo
1180 1728 1230 1787 do-

62 1834 125 1891 nini
139 1832 305 1906 praescripti
320 1831 411 1889 divini
426 1832 518 1888 cultus
533 1830 666 1888 custodes
682 1831 747 1888 sint.
779 1828 818 1889 Et
837 1847 853 1887 e
869 1837 970 1889 contra
991 1849 1098 1905 eorum,
1114 1833 1143 1890 in
1159 1849 1232 1906 quos
1323 1894 1326 1899 ,

64 1937 183 2010 gladium
198 1953 282 1995 snum
296 1936 400 2009 stringi
415 1936 527 2009 debeat,
550 1936 711 2008 catalogum
732 1952 768 1993 ex
783 1933 874 1993 Paulo
896 1937 933 1995 ad
954 1935 1082 1995 Corinth.
1104 1936 1232 2011 adduxit,

10 2038 19 2066 ·’
63 2043 189 2101 nimirum
205 2044 234 2101 in
250 2040 406 2115 adulteros,
430 2042 460 2099 in
475 2039 627 2112 veneficos,
651 2040 799 2114 idolatrae,
824 2039 998 2115 adulatores,
1020 2044 1154 2114 cynaedos
1177 2049 1231 2103 etc.

13 2162 25 2215 ξ
63 2144 101 2206 De
121 2149 216 2208 abusu
236 2163 350 2222 qnoque
370 2145 458 2220 gladii
479 2146 623 2204 disseruit.
654 2144 823 2219 Exemplum
846 2147 941 2221 Pilati,
965 2150 1015 2219 qui
1036 2149 1127 2207 sciens
1148 2147 1230 2206 Chri·

63 2256 131 2311 stum
152 2254 302 2314 innoxium
328 2251 489 2325 damnavit,
520 2267 584 2309 cum
604 2256 701 2309 tamen
725 2251 857 2311 Christus
882 2253 987 2311 nrdlins
1013 2254 1139 2312 oriminis
1164 2271 1231 2312 reus

63 2359 109 2418 ulli
129 2370 257 2435 nuquam
276 2359 383 2418 malum
403 2358 547 2432 intulerit,
572 2358 623 2416 sed
642 2359 762 2431 insuper
783 2358 913 2416 omnibns
934 2357 1116 2432 benefecerit,
1141 2359 1231 2419 addu-

10 2466 15 2505 ῑ
63 2481 133 2540 cens,
157 2482 248 2540 aquo
263 2482 316 2524 sno
331 2464 520 2537 antesignano
542 2479 600 2521 non
620 2463 740 2521 multum
762 2463 866 2536 absint,
890 2464 939 2534 qui
958 2463 1036 2520 hisee
1056 2464 1232 2536 temporibus

10 2572 17 2605 '-
62 2572 193 2631 innocuos
207 2571 424 2630 concionatores
445 2573 474 2626 et
495 2569 567 2626 alios
587 2574 688 2626 contra
708 2568 911 2625 corraeientiam
932 2567 1008 2624 mille
1024 2566 1115 2626 nodis
1130 2584 1231 2627 exmu-

10 2648 17 2707 l

10 2720 18 2777 l

62 2676 142 2735 ciant.
174 2677 266 2735 Jussit
284 2677 375 2749 igitur
396 2676 438 2733 ita
459 2676 546 2732 vitam
568 2689 621 2732 nos
642 2675 796 2745 instruere,
820 2687 855 2728 ne
876 2672 1062 2744 magistratus
1077 2672 1160 2731 nobis
1175 2680 1233 2732 ter·

10 2814 14 2849 ἰ
62 2782 118 2839 rori
131 2784 180 2856 sit,
204 2787 233 2841 et
247 2782 385 2854 cogitare,
409 2778 486 2852 qnod
502 2777 683 2836 nonirustra
697 2776 823 2850 gladium
838 2782 942 2849 portet.

10 2858 17 2905 l

145 2888 174 2945 A
188 2887 334 2959 concione,
358 2884 425 2942 dnm
440 2882 653 2942 obsecrationes
668 2881 732 2940 fieri
746 2880 837 2954 jubet,
861 2899 914 2955 pro
935 2886 1078 2956 potestate
1100 2885 1232 2943 ecclesia·

60 2993 137 3066 stica,
161 2992 295 3050 nimbum
311 2988 627 3065 pro-dispensatoribus
643 2988 722 3046 verbi
738 2987 836 3061 divini,
853 2993 943 3060 orate,
959 2989 1061 3061 inquit,
1077 2990 1231 3063 dominum,

59 3104 90 3156 nt
110 3098 260 3170 operarios
282 3097 313 3154 in
332 3110 455 3154 mercem
476 3109 556 3152 suam
578 3093 721 3152 extrudat.
752 3092 838 3150 Multi
860 3096 935 3151 eninr
957 3098 1033 3167 sunt,
1058 3097 1106 3166 qui
1129 3110 1232 3152 nomen

57 3203 209 3274 potestatis
224 3204 373 3276 appetunt,
397 3198 499 3273 opimis
514 3195 658 3257 beneficiis
673 3198 808 3272 gaudent,
832 3198 884 3256 sed
904 3214 971 3258 oves
993 3198 1098 3257 Christi
1114 3215 1233 3273 pascere

57 3312 208 3382 recusant,
231 3290 359 3365 laborem
381 3302 608 3377 subterfugiunt,
633 3305 706 3362 sicut
729 3310 758 3362 et
780 3305 934 3376 innumeri,
966 3305 1015 3376 qui
1038 3304 1180 3376 principes
1204 3309 1233 3362 et

20 3422 23 3427 '
56 3412 166 3472 domiui
180 3412 279 3472 vocari
294 3409 430 3482 ambiunt,
454 3409 648 3483 reperiuntur,
673 3410 788 3466 omnino
803 3416 898 3468 autern
919 3407 1005 3468 officii
1026 3416 1055 3468 et
1075 3412 1233 3469 vocationis

52 3534 116 3577 suae
132 3519 277 3577 rationem
292 3516 397 3576 babere
412 3518 607 3574 contemnunt.

146 3620 377 3696 nominemus,
400 3621 573 3693 misericors,
592 3621 670 3692 juste
686 3625 715 3677 et
729 3636 840 3693 magne,
861 3622 929 3692 quia
944 3620 1022 3679 nulla
1036 3625 1164 3692 potestas
1179 3622 1231 3688 est,

36 3846 120 3895 'esse
135 3833 265 3906 voluisti,
289 3848 409 3905 cumque
423 3831 519 3890 nullus
534 3847 659 3903 unquam
679 3829 767 3888 fuerit
785 3836 844 3889 tam
864 3837 987 3902 sanctus
1012 3830 1112 3887 doctus
1133 3831 1184 3883 ant
1198 3840 1233 3883 ea

112 3939 214 4000 dentia
228 3935 378 4013 praeditus,
402 3952 459 4010 qno
474 3942 576 3994 munus
591 3935 663 3994 illud
678 3942 807 3995 sanctum
828 3937 979 4010 potestatis
999 3950 1034 3991 ex
1053 3932 1130 3988 omni
1150 3934 1232 4003 parte

637 4068 652 4102 ’ll

40 4158 43 4163 ·
133 4163 142 4207 ι
165 4134 251 4208 aiod.
274 4159 315 4207 te.
335 4140 413 4205 Dour.
435 4150 492 4204 ra·

28 4306 35 4337 ι1
101 4281 219 4325 Waldeck.
1002 4245 1024 4302 8
