2678 4546
668 39 731 73 1υο

116 194 187 252 siam
204 192 318 251 dimisit.
350 191 425 250 Erat
440 195 536 250 autem
551 190 687 264 templum
703 189 918 250 refertissimam
933 190 1083 265 utriusque
1098 206 1185 250 sexus
1199 192 1289 258 homi·

116 300 209 371 nibus,
231 300 273 356 ita
295 302 328 355 ut
351 295 423 354 nihil
444 294 580 368 ponderis
601 295 647 354 vel
666 295 784 355 Interim
803 296 882 355 illud.
897 311 950 355 nec
973 297 1122 372 papisticus
1137 297 1224 356 mirus
1244 297 1289 355 lrie

117 405 227 464 habere
240 401 400 461 videantur.
423 400 503 459 Deus
518 402 629 459 suoset
644 400 788 475 adaugeat
803 406 833 460 et
847 399 1004 472 confirmet.

161 502 162 506 ’
209 509 288 567 Nota
302 513 398 566 autom
421 506 468 565 hic
488 523 595 566 morem
615 523 690 580 esse,
715 511 760 579 ut,
783 506 860 579 quod
875 512 1007 581 superest
1026 507 1154 580 depone
1169 506 1288 577 etvino‚

120 618 283 673 reservetur
299 615 337 685 et,
354 615 387 669 ut
403 611 515 686 dicitur,
531 610 644 670 aedituis
659 612 689 669 iu
703 626 773 669 usus
788 611 961 681 domesticos
975 611 1058 686 cedit,
1079 627 1138 670 non
1153 611 1216 669 sine
1230 626 1294 681 ma,

120 721 196 777 ximo
219 716 388 791 simplicium
412 713 592 776 offendiculo.
631 716 756 775 Possunt
775 721 871 774 tamen
894 717 979 789 hujvrs
1005 715 1049 791 (ut
1071 715 1142 789 ipsis
1165 709 1288 793 videtur)

121 825 262 883 rationem
276 820 398 880 reddere
413 822 637 880 concionatores.
676 818 769 879 Nullae
784 820 850 879 huie
864 822 978 896 negotio
992 826 1087 880 vestes
1103 810 1196 880 sacrae
1211 818 1289 880 adhi-

121 931 233 1002 bentur,
250 945 302 988 nec
317 929 394 987 cerei
409 927 544 986 ardentes
560 927 605 986 vel
621 927 768 1002 quippiam
781 933 981 987 consuetarum
994 923 1291 1000 caerimoniarum‚sed

122 1037 246 1112 populus
261 1034 317 1094 Dei
331 1034 361 1093 in
376 1034 489 1094 silentio
504 1041 535 1094 et
548 1049 599 1106 spe
615 1039 645 1093 et
658 1032 758 1091 laetitia
774 1032 868 1091 cordis
883 1033 979 1112 omnia
993 1031 1163 1105 peragebat.
1187 1031 1291 1091 Roma·

123 1142 219 1202 nensis
235 1145 331 1201 autem
345 1139 479 1215 populus,
496 1138 661 1211 imperator,
677 1154 738 1212 rex,
754 1123 922 1213 purpurati,
938 1137 1070 1196 crucibus
1084 1134 1169 1210 albis,
1194 1136 1292 1210 nigris,

124 1247 232 1318 rubeis,
248 1245 386 1304 viridibus
402 1244 508 1318 signati
522 1248 623 1325 patres
635 1259 699 1300 curn
714 1242 868 1316 episcopis,
887 1241 1063 1317 principibus
1085 1247 1115 1302 et
1129 1241 1294 1315 proceribus

124 1368 195 1411 auro
211 1351 369 1425 phaleratis
385 1348 585 1408 asturconibus
601 1352 631 1406 et
644 1348 728 1405 mulis
742 1350 817 1407 vecti
832 1364 896 1407 cum
915 1348 1038 1407 terribili
1051 1350 1238 1406 taratantara
1250 1351 1292 1404 tu·

126 1458 228 1518 barum
242 1462 272 1515 et
286 1460 487 1529 tympanorum
502 1454 626 1528 strepitu
639 1468 725 1511 mann
741 1458 851 1512 armata
866 1469 923 1512 non
939 1452 1043 1527 exigua
1057 1452 1158 1525 stipati
1172 1451 1292 1511 domiui·

126 1578 189 1620 cum
204 1559 342 1636 Augustae
358 1564 469 1632 petunt,
484 1557 535 1617 ubi
549 1557 782 1632 archiepiscopus
791 1552 969 1617 Coloniensis
985 1555 1110 1618 officium
1121 1554 1168 1633 (nt
1181 1554 1293 1630 vocant)

127 1668 225 1727 missae
237 1666 374 1739 celebrat,
389 1665 429 1724 ibi
444 1669 598 1722 concentus
614 1667 642 1722 et
657 1662 867 1722 modulationes
877 1664 1004 1723 variaret
1018 1663 1126 1727 clamor
1139 1662 1165 1722 it
1178 1663 1293 1734 coelum3

127 1772 360 1834 tumultuantium
375 1786 459 1831 voces
474 1770 580 1843 multae,
597 1769 714 1842 spiritus
728 1785 893 1844 perparum.

215 1876 400 1937 Reverendus
416 1873 480 1952 (sed
494 1875 552 1933 suis
566 1870 689 1947 tantum)
712 1874 841 1933 dominus
855 1873 981 1933 Michael
995 1872 1229 1947 Mcguutinensis
1243 1871 1295 1932 sul·

126 1983 280 2057 iraganeus
302 1982 378 2041 inter
402 1979 461 2039 alia
480 1996 539 2038 suae
557 1978 771 2053 predicationis
792 1980 933 2051 praeclara
953 1978 1029 2038 dicta
1041 1978 1106 2039 Deo
1127 1978 1239 2052 gratim
1251 1978 1293 2051 agi

125 2086 223 2160 jubet,
246 2084 324 2158 quod
339 2101 374 2144 eo
388 2101 436 2143 res
452 2085 651 2158 devenissent,
674 2089 707 2142 ut
726 2100 826 2142 rursus
847 2063 900 2157 pro
922 2086 1014 2144 veteri
1027 2083 1158 2144 ecclesia
1172 2099 1292 2143 romana

128 2192 295 2252 ouuodoxoe
316 2195 345 2250 et
368 2191 514 2249 catholicae
534 2191 593 2249 ritu
616 2193 825 2250 sacramentum
847 2188 952 2261 populo
973 2187 1027 2248 sub
1041 2207 1100 2249 una
1114 2189 1213 2264 specie
1227 2204 1293 2262 pre

128 2297 198 2356 bere
212 2295 307 2354 liceat.
345 2295 403 2356 Sed
417 2296 455 2355 sit
469 2311 537 2354 suus
552 2297 681 2369 scropha
695 2294 792 2356 foetus.
831 2293 961 2353 christus
981 2295 1042 2367 ipse
1064 2309 1146 2352 suam
1161 2292 1293 2369 defendat

126 2383 258 2476 gloriam.

217 2507 340 2568 Domine
354 2507 373 2566 J
375 2524 433 2582 esu,
451 2507 613 2567 dominator
633 2506 747 2567 domiue
763 2511 792 2566 et
806 2523 860 2566 rex
874 2521 983 2580 regum,
1000 2507 1050 2580 qni
1066 2505 1150 2565 uobis
1167 2504 1204 2564 dc
1218 2503 1289 2565 boni·

128 2621 189 2674 tate
203 2619 254 2674 tua
267 2631 372 2688 magna
392 2613 479 2672 hodie
493 2613 658 2671 memoriam
673 2612 810 2687 praestita
830 2617 887 2670 tua
896 2612 1094 2685 promissionis
1109 2610 1147 2671 de
1160 2608 1290 2671 mittendo

130 2720 233 2793 spiritu
247 2721 297 2776 tuo
311 2718 458 2792 paracleto
480 2716 643 2792 benigniter
661 2717 819 2791 innovasti,
843 2723 872 2776 te
887 2716 1032 2776 humiliter
1046 2715 1244 2790 deprecamur,
1264 2717 1289 2772 ut

130 2825 180 2898 qui
200 2823 323 2883 eundem
346 2828 426 2881 tuum
446 2823 578 2895 spiritum
593 2824 730 2896 apostolis
745 2823 802 2882 tuis
821 2823 995 2881 unanimiter
1015 2823 1199 2898 cougregatis
1217 2822 1289 2895 iuxta

132 2928 282 2988 vamtatem
305 2935 383 2987 tuam
403 2926 518 3000 misisti,
540 2927 578 2986 da
598 2933 628 2986 et
646 2927 729 2987 nobis
752 2928 782 2985 in
803 2928 858 2987 hoe
879 2929 982 3000 spiritu
996 2943 1085 2986 unum
1100 2934 1131 2986 et
1145 2925 1288 3000 eademst

130 3033 205 3093 sicat
224 3032 344 3091 ecclesia
363 3032 486 3104 tuajam
500 3033 589 3092 multo
608 3038 738 3109 tempore
757 3033 795 3092 ad
810 3040 839 3093 te
862 3034 981 3106 clamat,
1006 3039 1086 3093 recta
1104 3049 1217 3108 sapere
1251 3029 1288 3091 1>-

130 3140 195 3213 igne
216 3139 321 3197 amoris
344 3138 406 3209 ejus
430 3136 518 3197 corda
540 3143 639 3197 nostra
661 3139 871 3213 accendantur,
898 3154 934 3197 ne
954 3140 986 3197 iu
1005 3139 1089 3217 nobis
1111 3137 1286 3200 versatam
1324 3158 1331 3195 .-

130 3243 254 3303 charitas
275 3239 458 3315 refrigescat,
484 3244 529 3302 rel
549 3240 621 3301 fides
635 3240 759 3303 deficiat.
797 3244 858 3304 Dat
872 3249 902 3303 et
916 3246 946 3302 in
961 3244 1108 3317 prosperis
1127 3249 1160 3304 et
1172 3220 1285 3304 advari
1313 3224 1331 3297 ἔ

130 3347 215 3418 hujus
229 3346 370 3419 paracleti
396 3348 607 3421 suggestionem
630 3348 754 3420 experiri
774 3356 803 3409 et
823 3349 940 3422 deeius
955 3347 1150 3409 comolationo
1164 3346 1283 3422 gaam
1326 3366 1331 3395 ι

130 3450 159 3509 Is
174 3450 291 3523 spiritus
306 3457 372 3509 tuus
386 3451 477 3511 bonus
493 3469 545 3512 nos
559 3453 589 3510 in
604 3469 716 3512 omnem
731 3455 890 3528 veritatem,
915 3455 989 3513 sicut
1003 3453 1172 3528 promisisti,
1188 3464 1284 3512 overe

55 3549 57 3554 ’
129 3556 242 3614 cissime
256 3554 335 3629 Jesu,
352 3556 475 3617 deducat
489 3562 643 3632 regatque,
668 3558 783 3618 utboni
799 3563 828 3617 et
843 3559 913 3618 recti
929 3559 1016 3618 corde
1030 3552 1205 3634 efficiamur,
1218 3560 1246 3617 et
1257 3567 1284 3613 sc

130 3666 193 3719 ate
209 3659 384 3720 declinantes
398 3662 436 3720 ad
459 3662 525 3720 avia
540 3666 570 3720 et
584 3662 741 3735 crepundia
763 3663 862 3722 mundi
885 3663 971 3736 hujus
994 3669 1107 3722 neate
1123 3679 1189 3724 cum
1206 3658 1283 3734 'unffi

125 3765 295 3840 judicemur.
335 3765 392 3826 Sed
412 3767 451 3825 sit
469 3766 551 3825 nobis
572 3768 602 3824 iu
615 3772 645 3825 te
660 3783 717 3840 pax
731 3783 818 3841 super
833 3768 937 3840 Israel,
963 3783 1019 3843 pax
1034 3766 1146 3840 cordis,
1161 3780 1284 3844 pexum
1328 3836 1331 3843 ¹

130 3872 265 3944 scientiae,
282 3886 339 3944 pax
354 3873 501 3945 temporis.
556 3870 627 3945 Hoc,
643 3873 769 3946 inquam,
785 3874 947 3946 benigniter
961 3879 1102 3947 praestare
1117 3871 1242 3948 digneris
1253 3874 1286 3936 tu

131 3974 201 4033 Jesu
217 3974 344 4048 christe,
368 3976 413 4034 cui
434 3975 503 4035 data
523 3980 566 4034 est
587 3978 678 4034 omnis
701 3983 827 4050 potestas
851 3978 881 4034 in
896 3975 969 4036 ooelo
992 3982 1022 4036 et
1036 3977 1066 4034 in
1081 3981 1173 4053 terra,
1196 3976 1287 4054 quque

133 4083 269 4138 venturus
286 4096 316 4139 es
327 4079 460 4154 iudicare
475 4080 553 4181 vivos
568 4084 597 4139 et
611 4085 739 4145 mortuos
754 4088 784 4143 et
797 4082 923 4144 seculum
938 4096 991 4155 per
1005 4081 1111 4156 ignem.
