2678 4546
645 61 691 129 dh

68 244 237 307 veritatem
251 262 289 307 ex
303 242 386 305 Luca
399 252 429 309 st
442 245 607 322 apostolicis
621 245 713 307 literis
728 248 832 308 elicuit.
863 248 913 308 Ait
926 257 1022 308 summ
1038 246 1182 307 dominum
1196 266 1254 309 non

10 430 13 440 Ι
64 350 174 411 statim
189 367 211 411 a
224 350 353 425 gloriosa
366 368 420 413 sna
433 354 644 413 resurrectione
659 352 698 414 ad
709 353 797 413 coelos
812 354 984 428 ascendisse,
996 352 1049 413 sed
1063 370 1115 427 por
1131 353 1254 427 qnadra-

10 506 25 547 ε
64 458 155 531 ginta
176 457 309 532 integros
329 456 391 517 dies
410 474 442 519 se
462 460 556 533 ipsum
577 459 736 519 ostendisse
757 460 919 535 discipulis,
948 478 997 521 eos
1019 458 1202 521 continuasse
1224 462 1254 520 in

10 614 35 654 Ξ
65 560 140 638 iide,
162 580 232 623 cnm
250 562 308 623 illis
326 564 514 625 manducasse
529 580 564 625 ac
578 578 609 623 se
623 565 754 626 manibus
775 584 875 627 eorum
889 565 1124 627 contrectandum
1138 581 1174 624 ac
1187 567 1250 641 pnl-

28 666 46 759 3'
68 668 203 743 pandum
225 670 392 744 praebuisse.
437 668 518 731 sicut
536 677 633 731 summ
657 670 787 731 dominns
812 672 908 747 palam
933 673 994 747 pati
1020 678 1050 732 et
1078 672 1253 732 intuentibus

40 766 43 773 '
73 774 209 836 omnihus
232 776 328 837 crucis-
345 776 516 852 supplicium
535 776 633 838 subire
653 778 754 852 soluit,
784 779 826 838 its
845 780 1083 839 resurrectionem
1103 794 1184 837 suam
1197 777 1254 839 illle

10 930 54 979 ,ᾖ
74 886 204 958 mutum,
237 882 288 956 qni
308 882 348 942 ad
367 882 424 944 hoc
442 881 539 943 aDeo
553 883 749 958 praeordinati
763 881 892 958 inerant,
915 885 1035 945 testibus
1050 881 1251 943 manifestavit

10 1024 55 1087 ,Α
76 984 205 1053 lemme
220 992 377 1048 astantem
392 987 524 1057 dominus
538 1006 558 1050 a
572 989 631 1049 suis
649 989 680 1047 in
694 996 791 1049 monte
805 989 912 1063 oliveti,
928 992 978 1063 qui
992 995 1037 1049 est
1055 990 1132 1048 inter
1145 988 1251 1047 Hieru-

10 1140 57 1195 Ξ
80 1095 166 1165 nmen
182 1099 214 1155 et
227 1093 411 1169 Bethaniam,
426 1092 477 1155 nbi
490 1092 657 1170 mouentes
671 1094 757 1155 Jesus
771 1095 844 1155 alias
858 1094 968 1169 orabat,
993 1094 1031 1154 ad
1046 1094 1128 1167 cnjus
1139 1093 1253 1153 declina

82 1200 163 1261 mem
177 1204 279 1275 guttas
293 1200 442 1276 sanguinis
455 1202 486 1261 in
500 1200 587 1261 horto
594 1199 889 1276 Gememanisudarit,
900 1202 1029 1262 sublatus
1042 1217 1078 1260 ex
1088 1201 1142 1261 hoc
1156 1205 1253 1260 monta

80 1320 140 1366 cum
154 1322 279 1381 corpore
298 1323 351 1368 suo
364 1306 528 1367 ridentibus
546 1306 695 1382 discipulis
709 1313 763 1367 etc.
802 1305 968 1367 Consedens
989 1306 1026 1367 ad
1041 1306 1189 1365 dexteram
1203 1322 1253 1380 pa-

82 1413 139 1473 irh.
176 1411 235 1472 Hic
255 1412 346 1474 multa
366 1411 440 1474 dixit
458 1412 607 1473 Masculus
626 1428 662 1472 ex
684 1413 812 1487 epistolis
835 1412 962 1473 Paulinis
984 1419 1014 1472 et
1037 1412 1192 1486 Augustini
1215 1411 1253 1472 de

10 1514 188 1609 gia-honora
202 1519 300 1579 carnis
314 1522 432 1592 noma,
447 1517 574 1580 sedarum
588 1520 619 1579 in
634 1518 749 1580 chrisio
763 1520 802 1580 ad
817 1520 964 1580 dexteram
979 1521 1079 1594 patris.
1118 1517 1253 1579 Snbhslns

23 1612 26 1617 ’
56 1608 132 1699 ἕω,
147 1626 253 1702 inquit,
269 1642 357 1699 super
371 1630 469 1685 ornnes
484 1626 581 1687 scelos.
621 1625 682 1686 Hos
703 1631 798 1686 antem
819 1626 908 1686 coelos
923 1641 981 1686 non
1002 1624 1132 1697 reputari
1146 1624 1252 1685 debera

10 1720 392 1821 ,eg-nimuocvoneile
406 1737 581 1808 alesmum,
603 1732 680 1806 quod
693 1734 777 1793 nobis
792 1732 904 1793 visibile
919 1740 977 1806 est,
1000 1732 1054 1792 sed
1073 1732 1252 1805 najestatem

12 1832 156 1923 s*
168 1844 201 1899 et
212 1838 337 1913 gloriam
350 1838 506 1912 ooelestem,
521 1854 580 1913 gna
594 1854 647 1913 per
661 1856 726 1900 eum
741 1838 953 1915 glorificaturus
967 1843 1045 1912 erat,
1070 1838 1144 1895 sicut
1159 1835 1251 1895 domi·

10 1934 134 2031 ‚jen
144 1948 243 2003 noster
260 1942 349 2003 Jesns
364 1942 496 2004 Christus
509 1946 566 2004 ait:
589 1944 629 2007 Et
646 1961 723 2005 nunc
741 1942 871 2020 glorifica
891 1961 946 2017 me,
970 1960 988 2003 o
1004 1949 1096 2019 palor,
1112 1940 1191 2017 apud
1208 1949 1251 2001 ts·

10 2049 229 2153 ,Qum
242 2048 351 2124 gloria,
376 2064 463 2123 qnam
476 2048 566 2110 habai
580 2051 747 2127 priusquam
762 2051 947 2111 hismundus
961 2057 1039 2111 esset
1053 2056 1107 2109 eta.
1147 2048 1249 2109 Subla-

40 2158 59 2197 '·
78 2156 127 2213 im
140 2160 183 2215 est
194 2171 311 2231 quoque
326 2156 358 2215 in
372 2156 493 2231 omium,
516 2162 549 2216 ut
563 2173 616 2218 nos
638 2174 702 2218 eum
717 2172 752 2217 eo
768 2173 930 2231 sequamur.
971 2157 1098 2229 Utinam,
1114 2156 1155 2215 ait
1169 2156 1250 2214 hius·

12 2323 32 2332 ,Ᾰ
68 2303 73 2312 ι
181 2267 372 2323 sumnostree
392 2262 489 2323 narnis
509 2261 649 2324 honorem
669 2264 903 2339 agnosceremus,
924 2262 1001 2337 quod
1021 2261 1152 2322 Christus
1166 2274 1270 2321 verns‘

54 2425 68 2436 „
121 2393 152 2418 u«
171 2368 301 2428 ethomo
315 2368 346 2427 in
360 2382 449 2441 carne
463 2374 565 2430 noema
578 2368 617 2430 ad
631 2369 762 2431 dextram
776 2368 831 2429 Dei
846 2369 955 2429 sedeat.
995 2368 1086 2429 Addit
1100 2384 1163 2427 esse
1178 2366 1249 2441 iign-

118 2472 270 2549 ·=,
287 2490 355 2535 aare
371 2478 472 2535 nostra
487 2472 568 2536 sedet
581 2476 612 2535 in
627 2475 715 2549 coelo,
736 2476 810 2535 sicut
830 2474 962 2534 dicimus:
988 2472 1096 2532 Domus
1118 2472 1252 2531 Austrica

124 2605 125 2624 ι
151 2576 336 2654 Burgundios
349 2577 433 2641 sedet
446 2596 534 2655 snper
549 2580 650 2641 solium
664 2580 787 2656 imperii,
799 2595 863 2639 cum
876 2578 907 2638 id
921 2580 951 2638 in
967 2594 1024 2638 una
1038 2592 1171 2652 persona,
1189 2576 1249 2637 Cae·

73 2669 75 2672 ¹
119 2719 120 2722 =
140 2724 144 2733 ι
166 2686 299 2745 nimirum
319 2684 367 2747 rel
387 2668 472 2761 rege,
499 2686 683 2761 compleatur.
729 2686 773 2759 Si,
797 2685 905 2759 inquit,
932 2685 988 2743 hoc
1006 2682 1251 2743 consideraremus

52 2822 55 2829 ·
79 2809 83 2830 ι
110 2797 127 2839 Ῑι
158 2806 204 2851 me
217 2791 312 2865 majus
330 2790 512 2865 duceremus,
533 2789 605 2851 nihil
624 2801 720 2861 minus
740 2807 826 2865 quam
841 2789 961 2851 humilia
974 2789 1060 2863 huJ'us
1075 2790 1174 2850 mundi
1189 2806 1249 2850 am·

18 2920 26 2929 ·
193 2912 277 2957 ιιιιιιι
315 2894 388 2971 Quis
408 2896 565 2971 imperator
584 2896 631 2956 rel
650 2898 783 2972 princeps
803 2912 861 2956 non
880 2911 933 2970 pro
954 2895 1009 2956 hoc
1029 2895 1137 2956 honore
1153 2912 1251 2956 omnes

10 3018 34 3081 fl
85 2997 101 3062 s
122 3013 136 3042 ἰ
159 3018 369 3080 pompasque
383 3018 421 3063 ne
434 3004 539 3064 noina
558 3002 672 3077 quidem
692 3019 763 3064 nuce
784 3001 912 3062 adhunc
926 3003 1063 3063 honorem
1078 3008 1250 3075 comparatae

21 3124 29 3135 ·
105 3105 106 3110 ’
134 3133 163 3157 ιιι
178 3135 179 3157 2
197 3108 346 3185 desum,
370 3113 544 3184 contemnet,
567 3109 637 3184 quin
651 3124 750 3169 omnes
765 3108 972 3169 sollicitudines
987 3125 1022 3168 sc
1036 3107 1151 3167 labores
1166 3107 1251 3181 hides

10 3276 12 3285 ,
73 3259 74 3266 ι
105 3237 108 3246 ⁴
185 3239 190 3265 2
207 3220 343 3290 respectu
355 3212 532 3291 postponat?
555 3212 624 3275 Sine
644 3211 746 3288 dubio,
766 3214 789 3272 si
814 3210 877 3272 haec
890 3214 1118 3273 revocaverimus
1137 3210 1176 3270 acl
1190 3226 1249 3284 cor,

44 3351 49 3360 ·
114 3343 116 3354 ι
137 3349 139 3370 ι
154 3347 157 3370 ι
173 3347 176 3371 ι
192 3347 205 3372 ιι
226 3337 282 3397 pro
295 3302 386 3383 nihilo
401 3320 579 3395 duceremus,
604 3336 661 3380 non
677 3320 755 3393 qnod
769 3319 905 3378 mnndum
920 3319 1049 3378 relicturi
1065 3319 1164 3392 simuS,
1185 3334 1251 3376 narn

20 3465 22 3474 ι
43 3465 46 3470 ,
87 3411 88 3414 ¹
127 3426 232 3488 mundo
255 3442 310 3487 nos
330 3428 419 3487 vitam
440 3426 547 3503 degere
570 3430 701 3502 oportet,
727 3424 863 3498 quamdiu
884 3425 913 3484 id
928 3425 1039 3485 coelesti
1060 3426 1137 3499 patri
1151 3427 1251 3483 nostro

85 3577 98 3598 2
133 3561 142 3580 ι
158 3559 202 3584 ιιιιι
232 3538 293 3608 est,
315 3532 368 3593 sed
390 3549 428 3593 no
447 3536 532 3592 tanto
545 3536 650 3593 conatu
669 3531 753 3605 hujus
776 3530 874 3589 mundi
888 3530 994 3590 divitiis
1015 3530 1170 3604 inhiemus,
1194 3546 1251 3589 non

122 3673 123 3676 ι
141 3665 143 3684 ι
165 3621 278 3701 urina
292 3636 474 3713 damnentur,
489 3637 543 3698 sod
556 3638 635 3712 qnod
647 3639 731 3712 J‘uxta
739 3635 878 3696 Davidem
893 3652 942 3696 cor
957 3652 1015 3695 non
1031 3650 1249 3711 opponeremus.

162 3746 276 3807 Paulus
290 3760 356 3818 eos,
380 3744 432 3819 qui
445 3744 547 3804 volunt
561 3742 717 3817 ditescere,
739 3743 807 3803 dicit
822 3745 852 3803 in
867 3746 1040 3804 tentationes
1055 3743 1180 3803 incidere
1196 3746 1249 3798 etc.

103 3879 106 3884 ·
140 3879 173 3904 ιιι
196 3851 276 3911 victu
295 3854 327 3910 et
345 3850 454 3911 mem
473 3850 601 3911 contenti
623 3850 834 3908 meminerimus
857 3850 1101 3910 conversationem
1122 3849 1251 3905 nostram

121 3958 201 4019 *alis
217 3972 284 4018 esse
297 3954 415 4031 dehere,
430 3953 490 4017 end
503 3954 595 4030 geben
610 3954 702 4013 nichts
717 3953 758 4013 vii
766 3954 823 4015 alle
836 3946 1139 4027 diesecheldinge.¹
1155 3947 1251 4009 Isthac

658 4087 673 4121 ὴ

57 4168 420 4263 ῗίτιιιιόιίοἰᾱίιιςο.
