2678 4546
269 260 388 313 a-ln
402 260 495 311 uris
512 264 569 310 arat
585 274 681 311 men
698 261 832 327 patriaque
849 261 979 326 (tergm

305 349 359 399 flia
376 349 446 399 rexit
463 348 576 414 lysios,
592 348 749 399 Sauromata
764 347 815 399 illa
831 347 890 397 luit.

269 435 387 502 Pis-⁰¹⁸
403 451 514 503 “nam
530 436 621 487 aum
638 437 783 503 meviae
800 435 881 487 ehu·
897 436 1000 497 aare,

296 524 361 586 Qun
376 539 469 575 aem
487 540 594 575 numero
612 524 770 575 distribuere
788 526 856 591 pari,

269 611 344 677 &pe
361 626 438 661 suum
456 612 568 678 supplex
586 620 689 663 tentans
705 627 829 663 revocare
847 612 977 671 maritum,

304 699 389 762 Quam
406 706 453 751 tua
469 702 610 768 captivum,
627 701 731 755 Carole.
748 708 851 767 sceptra
869 706 966 750 teuent.

272 787 308 838 lit
324 789 394 838 nibil
412 790 500 841 effecit
517 790 641 856 pambus
658 789 820 854 multumque
838 787 966 855 rorando,

305 877 337 926 In
355 877 475 928 morbum
492 877 599 928 rediens
617 877 711 928 incidit
731 877 780 927 illa
797 891 915 943 gnrom.

270 963 339 1015 Ossa
356 966 438 1032 pbtiai
456 966 529 1017 lenta
546 976 690 1031 mustoque
709 965 838 1015 exhausta
855 964 946 1015 labore

303 1053 376 1104 Hora
394 1056 472 1122 rapit,
490 1055 524 1105 ad
542 1055 638 1127 eoelum
656 1069 731 1104 mens
749 1054 795 1120 pia
812 1053 895 1120 carpit
913 1053 969 1102 iter.

149 1149 236 1209 Anno
263 1142 419 1208 salutiferae
440 1146 644 1220 redemptionis
670 1151 777 1206 nosue
795 1146 1042 1219 sesquimillesimo
1067 1147 1228 1223 quadrage·

60 1254 131 1311 simo
160 1269 238 1313 nono
258 1256 289 1312 in
302 1254 438 1313 nundinis
462 1251 673 1311 autumnalibus
692 1250 877 1311 mucciani
899 1250 937 1310 ad
951 1251 1081 1311 llaenunr
1097 1253 1230 1314 nicasius

60 1357 231 1431 septembris
244 1375 298 1433 per
311 1359 453 1418 Joannem
468 1358 594 1416 Nellium
608 1356 691 1416 nobis
706 1375 724 1416 a
739 1356 857 1416 secretis
872 1362 901 1415 et
908 1355 1068 1416 Adi-lanum
1083 1358 1229 1418 aZertueu

60 1463 189 1536 nothum,
204 1461 371 1537 prefectum
384 1464 459 1521 arcis
474 1469 582 1521 nesus
594 1460 743 1533 Waldcak,
758 1463 902 1537 receptori
916 1479 967 1521 seu
982 1462 1119 1538 quaestori
1133 1464 1230 1523 aerarii

60 1568 253 1642 imperatoriae
267 1568 426 1641 majestatis
440 1585 493 1642 per
507 1565 660 1627 inferiores
675 1566 856 1640 Gennanias,
885 1564 976 1625 Wclil
986 1566 1088 1625 Heller
1105 1568 1143 1626 ab
1158 1568 1228 1629 Hal·

61 1673 180 1732 lerstein
194 1678 319 1746 quatuor
331 1673 422 1732 millia
435 1670 608 1731 florenorum
623 1678 723 1731 nostro
738 1672 851 1731 nemine
866 1679 1064 1732 numerarunt.
1094 1672 1169 1732 Nam
1183 1673 1229 1733 hle

62 1785 124 1838 erat
143 1777 260 1837 ultimus
279 1777 418 1836 terminus
440 1783 505 1836 octa
527 1777 650 1836 millium
670 1773 843 1836 florenorum
864 1775 1003 1848 solvendi,
1035 1793 1107 1849 quos
1129 1778 1229 1837 cesari

63 1883 165 1943 Carolo
180 1883 282 1955 quinto
295 1882 326 1939 in
340 1882 475 1941 mulctam
490 1882 529 1958 (si
542 1881 596 1940 diis
611 1879 717 1955 placet)
733 1882 764 1938 in
778 1881 910 1955 Angusta
921 1880 1134 1940 vindelicorum
1153 1898 1229 1943 anua

63 1988 119 2047 dni.-
127 1988 214 2046 1548
222 1986 357 2045 vicesima
364 1986 542 2060 primalunii
551 2003 604 2045 nos
614 1986 732 2045 daturos
742 1985 872 2060 stipulati
882 2001 1004 2056 eramus,
1014 1986 1110 2058 sieque
1124 2001 1229 2059 magua

63 2098 160 2152 nostro
170 2092 465 2164 nestrorumquelioet
474 2090 632 2165 dispendio,
643 2096 675 2149 nt
684 2090 724 2164 id,
735 2089 1227 2165 qnodeademipsadiescripscrm,

63 2198 183 2256 seilicet:
205 2196 282 2268 »Qui
296 2194 377 2256 dedit
390 2199 487 2271 citam,
504 2197 585 2256 dabit
599 2202 629 2255 at
643 2197 825 2270 pecuniam«,
841 2194 1026 2267 adimpletum
1040 2196 1086 2269 sit,
1110 2212 1229 2269 sperau-

63 2308 103 2361 tes
118 2303 210 2376 igitur
231 2302 352 2361 alterins
372 2300 409 2362 de
426 2319 513 2361 mann
533 2302 656 2375 domini,
678 2303 759 2375 cujus
773 2300 936 2360 benedictio
956 2301 1019 2360 sola
1033 2301 1136 2360 divites
1150 2298 1228 2373 iacit,

63 2405 145 2465 deum
166 2411 279 2478 patrem
294 2406 439 2465 coelestam
454 2423 518 2465 cum
532 2404 592 2466 filio
607 2407 669 2479 ejus
683 2406 848 2479 benedicto,
872 2405 987 2464 domino
1010 2409 1040 2463 ct
1053 2404 1228 2479 redemptori

63 2516 159 2570 nestro
174 2511 247 2569 Jesu
256 2509 451 2585 christanae
466 2517 496 2569 at
510 2528 533 2569 s.
547 2511 651 2586 spiritu
666 2509 814 2569 laudamus
830 2517 860 2570 at
873 2509 1066 2569 benedicimus
1088 2509 1117 2567 iu
1133 2508 1229 2569 secula

62 2613 230 2675 seculorum.
268 2614 400 2674 Pecuniae
416 2621 512 2676 antem
526 2616 699 2690 supradictae
713 2617 821 2688 primus
835 2613 979 2674 solvendae
994 2613 1131 2672 terminus
1146 2612 1229 2673 nobis

64 2721 98 2779 ad
112 2719 258 2780 nundinas
280 2718 527 2781 francofordianas
546 2723 615 2778 anni
634 2721 742 2780 domini
764 2720 848 2778 1548
877 2717 1001 2777 indictus
1015 2721 1087 2791 erat,
1113 2722 1142 2779 at
1156 2718 1230 2777 ulter

63 2825 95 2884 ad
113 2825 260 2885 nundinas
279 2826 458 2886 autumnales
470 2825 557 2899 hujus
572 2827 648 2884 anni.
686 2824 732 2883 Ne
754 2829 849 2883 antem
864 2840 882 2883 a
897 2824 1020 2897 posteris
1035 2825 1230 2885 incusaremur

62 2936 170 2991 tantam
184 2931 370 3004 pecuniarum
384 2931 451 3003 vim,
474 2932 607 2990 nimirum
621 2936 687 2990 octo
701 2931 763 2988 haec
777 2930 866 2988 millia
881 2936 911 2989 et
925 2930 983 2990 duo
996 2929 1096 3004 millia,
1120 2947 1184 3005 quaa
1199 2931 1228 2989 iu

62 3036 183 3094 comitiis
198 3034 376 3109 Augustanis
391 3042 421 3094 et
434 3037 529 3096 alias
520 3054 551 3094 m
565 3037 620 3094 hac
639 3053 671 3095 re
686 3037 845 3110 insumpta,
867 3051 920 3094 nec
935 3051 993 3094 non
1009 3050 1073 3109 quaa
1088 3042 1230 3107 praterea

10 3112 15 3227 l
62 3138 145 3212 huJus
154 3139 348 3199 corradendae
363 3142 492 3214 pecuniae
508 3141 603 3215 gratia
618 3155 744 3213 expensa
759 3145 834 3211 sunt,
851 3141 880 3199 in
895 3141 1012 3200 hellnat
991 3145 1093 3212 tiones,
1110 3155 1229 3201 veneres

10 3234 15 3301 l
62 3251 110 3305 ant
124 3245 243 3305 aleam'
235 3246 430 3320 insumpsisse,
445 3245 492 3304 hic
506 3246 650 3304 ascribere
664 3244 779 3318 placuit,
796 3244 874 3318 qnod
883 3246 975 3318 prima
990 3260 1107 3317 summa,
1123 3244 1230 3305 scillcet

62 3355 186 3422 quatuor
213 3350 304 3408 millia
329 3347 516 3422 floranomm‚
548 3350 656 3422 majore
686 3366 721 3407 ex
742 3356 825 3422 parte
844 3365 894 3407 ex
910 3349 977 3410 dote
1001 3352 1102 3411 uxoria
1130 3349 1228 3423 tuerit,

10 3506 13 3535 :
10 3448 205 3528 posterior
225 3455 339 3513 nonnmi
361 3455 526 3528 quindecies
546 3460 658 3513 eentum
678 3471 714 3513 er
737 3452 858 3514 subditis
877 3454 961 3529 hujus
983 3456 1109 3529 regionis
1125 3456 1229 3519 contrl-

10 3564 12 3569 '
62 3559 129 3620 buta
148 3561 220 3630 sint,
244 3559 357 3632 reliqua
377 3562 468 3618 omnis
489 3563 588 3618 mutuo
609 3565 638 3618 et
657 3575 721 3617 cnm
735 3558 898 3619 reddituum
918 3576 1044 3620 meorum
1060 3561 1230 3635 oppignora-

10 3642 13 3673 ³
63 3667 139 3730 tione
154 3668 305 3724 contracta
320 3670 373 3739 est,
389 3679 553 3737 quanquam
568 3681 607 3723 aes
622 3665 747 3724 alienum
761 3665 848 3740 longa
868 3681 970 3724 census
990 3672 1104 3724 nostros
1119 3679 1229 3723 annuos

10 3812 14 3853 ,Ι
63 3774 187 3843 superet.
211 3768 369 3842 Exemplar
379 3773 474 3827 autem
484 3769 654 3842 litterarum,
672 3774 825 3844 revocant,
842 3771 1047 3843 quitantiarum
1062 3767 1100 3826 ad
1114 3769 1230 3828 archiva

62 3879 178 3934 senatus
194 3871 382 3931 Gorbacensis
396 3875 498 3949 reponi
509 3875 653 3946 jussimus.
688 3875 789 3932 Testes
804 3880 899 3933 autem
914 3874 999 3947 hujm
1012 3870 1163 3945 tragoedias
1177 3873 1228 3931 ha·

62 3978 160 4037 bemus
177 3976 263 4036 deum
277 3993 374 4035 verum
391 3982 420 4037 et
434 3980 538 4053 vivum,
555 3980 604 4052 qui
619 3995 672 4038 nec
686 3977 760 4040 fallit
774 3977 897 4037 necfalli
906 3981 1011 4052 potest,
1028 3976 1229 4035 conscientiam

61 4081 157 4141 laetam
173 4088 203 4141 et
217 4081 339 4141 candem
352 4082 507 4142 multorum
521 4086 632 4156 piorum
647 4085 774 4143 virorum
787 4082 843 4141 hoc
856 4082 1015 4140 miserrimo
1031 4095 1093 4139 aava
1108 4095 1230 4141 meamu-

10 4214 30 4239 ι.
62 4203 126 4246 nem
139 4184 297 4249 fortunam.
321 4183 469 4260 Signatum
484 4187 624 4251 Waldack
639 4187 686 4249 dia
699 4187 776 4248 luna
790 4191 858 4263 post
870 4184 1006 4247 Mattleoei
1018 4183 1157 4260 apertat.
