2678 4546
606 80 669 146 177

138 256 274 320 Liberius
289 260 524 335 'capitulationem
536 262 596 334 J'am
611 262 698 321 tertio
712 264 872 336 reportavit
893 270 923 325 et
938 264 1009 324 nihil
1024 268 1053 325 in
1069 284 1104 327 ea
1119 270 1224 329 mutari

92 366 215 455 ssisnnt.
239 367 392 426 Jnsserant
403 385 473 426 uero
482 367 593 441 Viglius
609 374 638 426 et
648 366 760 441 Seldns,
775 374 807 427 ut
817 385 879 427 earn
895 371 1083 432 admondum
1099 373 1223 434 describi

92 486 192 530 arem.
215 472 346 545 Rogatus
361 478 406 531 eat
419 473 507 546 igitur
521 472 655 546 Lindius,
677 474 726 545 qui
741 489 803 531 eam
823 476 854 532 in
875 476 1047 535 membranis
1062 477 1222 551 descripsit,

93 592 131 635 ne
146 576 237 650 gratis
251 576 370 649 punirer
383 576 426 634 illi
440 575 583 635 thalerum
600 575 664 635 dedi
679 578 742 649 ipso
757 582 852 637 tannen
867 578 1043 653 refragante.

138 682 225 740 Anno
240 681 340 754 elapso
356 680 580 755 christophorus
595 698 688 740 comes
703 681 740 740 ab
754 682 915 756 Altenbnrg
930 688 959 742 et
973 683 1050 744 Dido
1065 684 1102 744 ab
1115 685 1224 759 Kniep-

92 802 161 845 naen
177 788 208 844 in
223 802 307 844 usum
320 785 461 844 Fridem'ci
482 787 592 844 comitis
608 785 732 844 Palatini
753 784 849 844 decem
869 787 948 845 milia
968 787 1096 860 peditum
1115 790 1222 861 stipen-

92 906 103 948 s
119 889 326 950 conduxerant.
359 888 417 947 Sed
432 906 521 962 opera
536 889 683 949 Cattorum
697 892 836 963 principis
850 891 897 949 hic
913 894 1054 951 exercitus
1070 893 1224 952 distractus

92 1034 102 1068 ,
119 995 163 1052 ita
176 999 210 1052 ut
225 994 358 1053 Liberius
373 993 563 1077 Monichusen
586 995 686 1052 caesari
708 1001 737 1053 et
751 994 900 1053 Friderico
921 995 1145 1071 christophorus
1160 1012 1224 1055 cum

92 1115 107 1157 s
121 1099 323 1173 supplemento
338 1099 479 1157 exercitus
495 1103 600 1156 essent.

137 1203 218 1262 Nota
231 1202 268 1260 de
282 1203 385 1261 litteris
399 1219 437 1275 vp
453 1201 506 1260 der
520 1202 649 1261 Vheinde
666 1204 759 1263 Landt
774 1211 828 1263 etc.

137 1302 185 1366 De
200 1307 429 1380 prosternatione
444 1313 512 1366 ante
527 1323 662 1366 caesarem
677 1307 770 1367 adhuc
784 1311 814 1366 in
829 1306 915 1367 dubio
930 1315 983 1368 ast.

137 1412 188 1469 xix
202 1411 299 1485 lunii,
325 1427 390 1483 quae
406 1415 449 1469 est
465 1411 526 1470 dies
542 1411 749 1471 audientiamm
775 1413 819 1487 (ut
834 1411 949 1487 vocant)
965 1415 995 1472 in
1010 1418 1106 1474 castro
1122 1412 1221 1474 Wald·

92 1533 110 1575 ι
149 1515 238 1574 Faxit
261 1514 330 1574 dens
350 1519 384 1574 ut
405 1532 475 1574 suus
496 1515 587 1574 honos
607 1516 713 1574 ibidem
729 1521 884 1589 quaeratur.
908 1517 1017 1577 Eadem
1033 1519 1131 1590 inquio
1146 1517 1223 1577 infru

92 1626 160 1680 dam
182 1625 214 1679 et
235 1621 384 1693 septimam
404 1621 491 1679 horas
506 1618 705 1694 Wolffgangus
726 1622 873 1681 Musculus
893 1638 929 1680 ex
950 1638 1011 1696 cap.
1038 1624 1078 1680 15
1101 1622 1222 1682 loannis

92 1724 233 1799 mgelistoe
247 1724 311 1783 haec
325 1722 415 1783 verba
429 1724 577 1783 recitavit:
604 1726 682 1784 »Sed
696 1727 758 1784 hac
774 1727 868 1784 omnia
882 1725 989 1784 facient
1002 1726 1082 1785 vobis
1098 1733 1219 1801 propter

92 1846 152 1889 nen
166 1846 270 1903 memn,
288 1830 356 1900 quia
366 1844 429 1902 ¹non
439 1833 581 1887 noverunt
595 1845 669 1902 eum,
686 1831 735 1902 qai
749 1831 826 1888 misit
840 1846 905 1888 me«
918 1835 971 1888 etc.
993 1830 1049 1887 llic
1064 1828 1137 1887 dixit
1151 1845 1222 1902 qno-

92 1932 132 1995 do
145 1925 280 1993 dominus
294 1949 362 1991 suos
376 1933 414 1991 ad
428 1933 582 1992 instantem
597 1934 824 2007 persecutionem
839 1935 1005 1993 cohortatus
1020 1934 1057 1993 sit
1072 1938 1102 1991 et
1116 1933 1219 2006 quibus

92 2040 221 2112 mentis
235 2053 333 2097 eorum
348 2037 459 2096 animos
474 2036 658 2111 confirmarit
682 2053 713 2095 se
735 2039 833 2110 elapsa
848 2039 895 2097 die
910 2038 1050 2097 dominica
1062 2039 1092 2095 in
1107 2038 1218 2097 duabus

92 2144 228 2204 taicm'bus
243 2143 419 2216 exposuisse.
441 2143 527 2200 Nunc
542 2149 639 2202 autem
653 2159 696 2215 ea,
714 2159 778 2215 quae
793 2144 929 2216 praelecta
944 2143 1009 2215 sint,
1026 2143 1117 2214 probe
1132 2159 1219 2202 excu-

92 2251 268 2321 uoportere.
306 2245 411 2305 Paucis
425 2247 515 2320 igitur
530 2245 659 2320 praefatis
674 2247 749 2304 hunc
763 2262 937 2321 sermonem,
961 2248 1094 2305 nimirum
1110 2247 1146 2307 de
1162 2264 1219 2306 em·

92 2353 128 2411 nsi
142 2350 296 2412 uerborum
311 2351 393 2409 »haec
407 2351 502 2410 omnia
516 2347 622 2409 facient
636 2351 736 2409 vobis«
755 2356 809 2410 etc.
826 2367 890 2423 quae
905 2351 963 2409 sint
977 2352 1039 2409 haec
1054 2353 1150 2410 omnia
1165 2368 1216 2425 ag·

92 2472 164 2517 mue
179 2459 232 2514 est.
270 2455 321 2512 Ait
333 2460 441 2514 'autem
459 2473 512 2528 per
535 2456 597 2513 haec
611 2455 699 2513 verba
714 2455 750 2513 de
771 2455 863 2513 tribus
878 2455 1055 2527 potissimum
1071 2455 1219 2513 dominum

92 2562 163 2635 irae,
180 2560 288 2618 acilium
303 2559 339 2618 da
354 2560 477 2632 genuino
491 2559 590 2618 mundi
605 2564 635 2618 et
648 2575 764 2617 suorum
779 2561 808 2617 in
817 2576 866 2617 eos
877 2558 952 2631 odio,
963 2559 999 2617 de
1008 2559 1218 2632 persecutione,

92 2665 169 2741 quod
188 2662 308 2723 verbum
327 2663 404 2737 apud
425 2679 475 2722 eos
497 2681 555 2723 non
575 2665 613 2722 sit
633 2663 798 2722 habiturum
818 2664 911 2722 locum
936 2678 989 2721 nec
1009 2662 1068 2720 ullo
1090 2661 1174 2721 modo
1189 2661 1219 2720 id

92 2769 208 2844 capturi
221 2768 267 2828 vel
280 2768 323 2826 illi
338 2767 530 2827 obedientiam
546 2769 702 2841 praestituri
718 2768 785 2825 sint.
831 2768 978 2827 Praeterea
993 2782 1133 2839 perquam
1148 2768 1218 2826 scite

92 2868 275 2946 [energiam
294 2878 324 2931 et
342 2889 406 2946 quae
428 2889 464 2931 ex
483 2871 537 2930 hoc
552 2877 723 2931 enascantur
742 2871 888 2930 indicavit.
926 2872 1001 2929 Nam
1017 2888 1053 2930 ex
1068 2873 1134 2931 odio
1150 2889 1218 2947 pro·

92 2982 187 3053 {punt
202 2978 337 3050 convicia,
354 2976 555 3051 detractiones,
576 2975 724 3035 mendacia
739 2982 768 3035 et
783 2976 917 3049 quicquid
931 2977 1016 3048 hujus
1030 2977 1119 3035 lernae
1134 2978 1217 3036 vitio·

92 3087 181 3155 nest,
197 3083 280 3141 monti
294 3078 351 3139 dici
364 3082 447 3140 solet.
486 3081 525 3139 Os
539 3082 645 3138 inimici
665 3081 816 3140 veritatem
837 3098 897 3140 non
910 3082 1045 3153 loquitur,
1062 3078 1152 3139 odder
1166 3081 1218 3138 wie

92 3172 198 3265 ¹[radt
210 3184 252 3244 vd
263 3200 387 3245 rnnscra
398 3185 523 3258 Sprach:
538 3185 597 3243 Des
612 3184 724 3243 viendts
734 3185 839 3243 Mundt
853 3185 919 3243 redt
933 3187 1045 3243 seltenn
1060 3183 1217 3242 dieWahr·

166 3290 208 3348 Et
220 3290 275 3348 hoc
289 3290 384 3362 ipsum
398 3304 434 3346 ex
447 3288 575 3347 historiis
590 3289 680 3347 sacris
703 3288 852 3361 probavit,
875 3296 904 3349 et
918 3289 1097 3362 potissimum
1112 3292 1220 3360 quanta

92 3276 239 3481 Lalim
252 3393 349 3453 ludaei
363 3391 477 3450 Christo
493 3408 545 3466 per
559 3393 696 3451 invidiam
711 3399 740 3452 et
759 3393 937 3452 mendacium
952 3393 1116 3465 objecerint,
1133 3391 1219 3465 quale

92 3492 200 3571 ssurh'
211 3503 243 3558 ut
257 3512 322 3557 oum
337 3496 482 3554 dominum
497 3513 595 3555 coram
609 3499 704 3556 Pilato
720 3503 864 3572 accusant,
879 3499 971 3571 ipsmu
987 3513 1101 3556 censum
1117 3497 1219 3554 casari

92 3601 313 3677 {prohibuisse
334 3607 365 3660 et
387 3616 547 3660 sermonem
570 3602 632 3673 ejus
651 3603 837 3675 inverterint,
861 3619 925 3664 cum
941 3602 1069 3661 Christus
1085 3601 1217 3660 dixisset:

106 3682 112 3693 ⁵
146 3713 297 3781 quaesunt
311 3707 435 3780 casaris,
452 3707 562 3779 cassari,
579 3711 609 3764 et
623 3722 687 3780 quae
703 3713 770 3765 sunt
791 3707 850 3780 dei,
869 3709 931 3772 deo.
956 3708 995 3764 Et
1009 3707 1063 3764 hoc
1078 3704 1141 3762 loco
1156 3717 1216 3760 ser·

113 3882 119 3889 ,
170 3793 349 3871 intersecans
364 3810 512 3869 Masculus
534 3808 609 3885 (Hoc
624 3810 717 3882 ipsum
740 3812 815 3869 enim
836 3828 948 3884 aequum
964 3816 1007 3869 est
1022 3814 1051 3867 et
1067 3809 1108 3865 sic
1122 3804 1217 3863 iacere

160 3918 296 3977 nimirum
319 3921 353 3974 nt
367 3930 457 3974 caesar
476 3920 613 3986 tanquam
633 3929 723 3972 caesar
745 3921 916 3989 agnoscatur
931 3920 960 3972 et
975 3929 1038 3985 quae
1053 3911 1096 3968 illi
1110 3907 1216 3967 deben-

162 4027 359 4095 torqueque,
380 4018 435 4079 deo
450 4022 545 4078 autem
561 4034 611 4091 ea,
636 4035 700 4090 quae
715 4018 761 4076 dei
777 4026 844 4078 sunt
859 4025 888 4078 et
903 4019 950 4076 dei
965 4017 1085 4090 gloriam
1100 4028 1216 4072 concer-

142 4142 181 4189 ιε
195 4127 238 4185 sic
251 4127 397 4200 inceptum
416 4139 577 4183 sermonem
596 4139 773 4195 prosequens
794 4126 849 4182 ait:
872 4123 951 4181 Sicut
966 4126 996 4179 et
1009 4117 1064 4175 hoc
1078 4115 1219 4176 mendacii

92 4248 205 4305 wacek.
965 4227 1003 4280 12
