2678 4546
546 103 548 108 .
636 39 711 101 '218

89 224 152 280 tum
166 225 199 281 ut
212 219 315 280 timore
330 215 378 278 dei
391 213 475 277 filiali
489 213 597 276 scilicet
611 229 669 274 nou
686 212 785 274 servili
798 211 972 290 configatur,
988 201 1024 275 ut
1037 216 1117 278 omni
1132 229 1170 277 ex
1183 221 1251 293 port

88 330 215 386 veterem
228 323 371 384 Adamum
383 319 545 383 mortificet.
576 321 617 382 Et
629 321 697 393 quia
712 320 742 379 id
755 335 815 380 uon
827 336 864 380 eu
874 320 1024 382 voluntate
1036 327 1147 382 uostrae
1162 322 1251 383 curuis

88 429 159 491 daus
169 429 315 504 rogandus
325 432 409 488 estut
423 427 453 487 in
462 441 559 486 umore
569 431 600 485 et
606 427 710 487 timore
719 427 764 485 sui
777 443 830 486 nos
842 433 992 488 conservet
1002 433 1031 487 et
1046 429 1078 487 iu
1088 427 1147 488 hac
1157 425 1250 502 fragili

88 540 148 596 tate
163 534 288 594 humana
307 549 359 594 suo
379 533 483 607 spiritu
503 537 603 592 sancto
622 530 779 606 confortet,
803 538 836 591 ut
854 533 986 591 animum*
1000 548 1035 592 eo
1055 537 1219 605 vertamus,
1240 549 1251 592 s

88 640 162 712 lapsi
176 636 313 700 fuerimus
328 655 416 712 ocyus
436 636 475 699 ad
496 637 543 697 dei
557 638 784 702 misericordiam
805 652 995 698 recurramus.
1033 638 1133 699 Probe
1152 654 1251 712 quoqu

88 745 231 818 exposuit,
255 743 325 819 quid
338 744 369 802 in
385 743 528 817 scriptura
546 739 650 816 contigi
669 741 790 802 dicatur.
830 743 903 802 Item
922 742 990 816 quid
1010 743 1049 802 ait
1068 743 1149 817 ringi
1163 748 1251 804 cutem

86 851 159 911 Item
173 850 243 924 quid
257 850 376 912 verbum
391 853 526 910 conteror
540 848 586 906 hic
601 845 755 923 significet,
771 849 841 909 item
856 847 926 922 quid
940 849 1034 909 scoria
1048 853 1103 909 etc.

175 955 285 1016 Eadem
300 957 416 1017 domina
431 959 524 1014 mater
539 968 593 1013 nos
608 953 742 1028 ephippio
755 953 873 1013 donavit
885 959 915 1014 et
928 953 1095 1028 puuopliam
1109 955 1209 1015 mariti
1223 968 1251 1012 su

91 1061 226 1123 ostendit.

176 1167 286 1227 Eadem
308 1172 423 1226 senatus
437 1164 685 1250 Rudelstudiensis
705 1181 757 1224 nos
777 1165 853 1225 vasis
867 1164 979 1239 aliquot
997 1165 1057 1225 vini
1073 1169 1103 1225 et
1118 1165 1251 1226 cerevisia

87 1272 275 1333 Eimhioensis
290 1272 451 1332 honoravit.
481 1272 536 1330 His
550 1273 638 1346 igitur
653 1272 763 1345 gratias
777 1275 895 1344 agentes
910 1275 940 1329 et
953 1271 984 1329 in
998 1270 1123 1331 tutelam
1138 1277 1251 1332 nostran

87 1378 270 1453 recipientes,
286 1380 390 1451 servis,
407 1377 457 1451 qui
472 1377 643 1451 attulerunt,
660 1377 801 1435 tholorum
817 1374 893 1436 dono
909 1376 1050 1436 dedimus.

175 1482 287 1543 lladem
308 1499 401 1544 comes
416 1483 543 1542 loannes
558 1482 701 1541 Hemicus
721 1480 973 1556 eSchvartuburg
996 1487 1032 1542 et·
1044 1498 1120 1543 uxor
1143 1483 1206 1556 eius
1229 1482 1251 1542 d

87 1588 208 1663 Widda,
233 1605 316 1650 soror
329 1588 442 1649 Alherti
462 1589 573 1649 comitis
592 1588 623 1647 in
637 1585 795 1647 Mausfeldt
814 1587 941 1660 uterina,
965 1586 1097 1647 sednon
1116 1603 1251 1662 germana

86 1693 221 1754 volebant
235 1692 454 1755 Rudelstadium
469 1693 576 1751 venire.
601 1692 751 1752 Petierant
766 1695 863 1751 autem
877 1708 929 1765 per
944 1693 1067 1767 litteras,
1083 1694 1110 1752 si
1125 1698 1156 1753 et
1170 1708 1251 1754 socru

86 1804 117 1859 et
131 1798 213 1860 nobis
228 1816 287 1861 nou
300 1799 466 1873 mulsam,
487 1815 518 1858 se
534 1799 625 1858 nostri
640 1800 795 1858 amicitiam
810 1804 839 1859 et
853 1800 989 1858 noticiam
1003 1814 1121 1874 cupere.
1160 1799 1251 1860 Nesoi

86 1909 192 1979 auum,
209 1903 279 1979 quid
293 1906 424 1966 comitem
439 1909 642 1978 remoraretur,
662 1896 813 1979 quominus
827 1906 889 1980 ipse
904 1906 1005 1965 venire
1019 1909 1129 1980 posset,-
1146 1921 1251 1967 uxoren

86 2027 156 2072 varo
171 2027 236 2070 cum
250 2011 419 2085 Mmgareta
434 2014 463 2069 et
477 2008 602 2084 Brigitta
615 2007 730 2071 filiabus
738 2009 956 2070 Rudelstadium
970 2010 1050 2069 misit
1063 2025 1099 2070 sc
1113 2012 1198 2073 nohis
1212 2028 1251 2087 pei

86 2115 265 2176 Joaohimum
279 2116 355 2177 Saclr
368 2116 522 2176 amicitiam
541 2121 571 2176 et
585 2113 679 2176 officia
698 2131 750 2175 sua
770 2115 882 2176 detulit.
920 2115 979 2175 Par
994 2116 1084 2189 igitur
1104 2116 1172 2191 puri
1185 2122 1251 2177 retu·

89 2219 182 2279 limus.

176 2322 299 2386 nonna
317 2341 430 2400 socrus,
450 2326 606 2387 Anastasia
627 2322 716 2399 uxor,
738 2325 853 2385 domina
868 2324 979 2387 Sehach
999 2331 1029 2386 et
1043 2326 1212 2387 Melchiouis
1227 2327 1251 2387 (lt

87 2429 159 2490 Ossa
177 2447 251 2490 uxor
265 2447 362 2490 esoces
378 2432 407 2490 in
423 2432 490 2492 Sala
505 2438 644 2507 prosecta
660 2437 735 2491 sunt.
775 2430 908 2506 Cepimus
922 2447 1011 2490 unum
1026 2433 1102 2492 etin
1118 2433 1251 2494 Schwmh

85 2553 169 2611 pago,
183 2538 266 2609 juxta
281 2553 365 2611 quem
379 2538 426 2597 die
442 2537 585 2598 Schwartz
600 2535 731 2597 fluviolus
746 2539 776 2596 in
792 2538 887 2597 Salam
901 2534 1071 2612 infunditur,
1088 2540 1251 2614 symposium

84 2639 211 2701 fecimus.
250 2643 306 2702 Vix
321 2645 374 2704 sub
394 2648 502 2704 sermm
523 2644 613 2702 noctis
628 2643 846 2703 Rudelstadium
861 2649 1022 2703 remeantes
1036 2643 1161 2704 vidimus
1176 2645 1251 2706 rusti·

85 2761 183 2806 corum
206 2748 236 2805 in
261 2747 404 2808 Schwartz
428 2750 546 2808 cellaria
568 2749 705 2809 habentia
729 2750 843 2809 circiter
867 2749 952 2809 cados
975 2749 1185 2823 quinquaginta
1205 2751 1251 2808 viu

86 2856 193 2924 prater
208 2853 364 2913 cervisiam.
403 2854 519 2914 Habent
535 2871 610 2913 nunc
629 2854 801 2930 parrochum
817 2854 974 2928 Casperum
989 2855 1106 2915 nomine
1123 2861 1153 2916 et
1166 2856 1204 2915 ad
1218 2856 1251 2914 di·

86 2956 207 3015 nostiam
216 2957 487 3033 Blanckeubergicae
502 2962 576 3020 arcis
591 2961 745 3035 pertinent.
770 2960 846 3019 Etis
859 2965 903 3020 est
914 2976 1015 3035 pagus,
1031 2977 1051 3020 a
1066 2961 1149 3034 cujus
1163 2960 1251 3020 incoli

85 3078 162 3121 anno
183 3064 331 3137 superiore
345 3063 481 3125 Albertua
500 3066 626 3125 marchio
646 3066 677 3123 in
691 3065 901 3139 Brundenburg
919 3070 1041 3139 propter
1056 3066 1208 3140 injuriam,
1230 3072 1251 3123 ut

85 3167 133 3227 ille
148 3169 359 3244 praetendebat,
384 3172 491 3245 aurigis
506 3172 564 3230 suis
584 3171 693 3230 illatam
709 3172 804 3244 exegit
819 3171 1046 3245 quadringentos
1065 3187 1186 3245 aureos,
1210 3187 1251 3229 ne(

84 3272 160 3332 ullus
176 3279 240 3333 erat
254 3276 344 3334 veniae
359 3277 448 3350 locus,
465 3278 495 3335 ni
508 3277 628 3336 vulcano
643 3293 673 3336 se
690 3283 720 3335 et
737 3275 835 3336 domos
851 3292 918 3335 suas
931 3277 1017 3336 litare
1032 3277 1202 3338 voluissent.

174 3377 284 3438 Eadem
303 3381 407 3441 habitae
429 3388 495 3442 sunt
514 3383 621 3456 nuptiae
637 3382 804 3456 walpurgis
819 3381 998 3456 Rotschuch,
1022 3398 1089 3454 quse
1110 3383 1195 3443 uxori
1210 3396 1251 3456 prs

86 3496 156 3541 coca
172 3484 299 3559 servivit,
323 3491 354 3544 et
366 3487 441 3546 Josti
457 3487 546 3562 Sophi
563 3487 742 3560 ioculatoris,
762 3488 914 3561 copulante
933 3502 982 3546 eos
1003 3502 1058 3561 per
1076 3486 1197 3548 verbum
1212 3487 1251 3546 do

85 3588 154 3648 mini
168 3587 290 3649 Alberto
305 3590 447 3650 Dracone.
615 3664 616 3668 Ἰ

175 3695 350 3755 Testudinco
369 3696 463 3771 gradu
480 3713 528 3757 res
549 3697 733 3758 Sebachiauae
752 3703 782 3756 et
797 3696 1080 3759 Germershausiauoe
1102 3697 1251 3774 procedunt

83 3814 119 3859 ac
132 3800 288 3861 verendum
303 3818 339 3861 ne
354 3802 469 3862 inanem
484 3803 562 3863 volet
575 3804 606 3862 in
621 3819 730 3862 auram.

173 3906 410 3981 Expectabantur
425 3906 544 3969 Carolus
559 3923 653 3968 comes
673 3927 691 3969 a
706 3908 843 3969 Gleichen
858 3915 888 3970 et
902 3925 975 3969 uxor
996 3911 1079 3984 ejus,
1099 3925 1199 3970 verum
1212 3922 1251 3966 re

85 4009 259 4070 nunciarunt
283 4029 315 4072 se
338 4013 463 4072 crastino
486 4012 635 4074 affuturos.
679 4015 790 4076 Eadem
812 4031 905 4077 comes
927 4015 1127 4092 Woldpangus
1146 4015 1251 4075 domum

85 4113 250 4176 revortitur.
