2678 4546
179 213 321 273 bleicbior
340 213 404 272 beri
424 213 521 272 comiti
539 210 693 270 ortissu
712 208 907 284 conum
926 225 930 265 ι
950 210 1069 284 ripen
1086 224 1191 271 eumn

91 320 234 392 pectione
245 318 357 377 obtulit

179 422 258 482 Nota
273 424 309 483 de
323 424 444 497 querela
458 424 579 482 comitis.

179 526 290 587 Eadem
314 530 480 602 conspectui
502 528 630 586 Atrebate
698 547 701 583 ι
725 543 779 586 nos
800 527 936 586 exhibere
956 526 1142 599 volemus,
1169 542 1191 584 u

91 650 144 707 per
157 633 318 692 Adriauuru
336 651 356 693 a
375 635 506 706 zerices,
530 633 610 704 quib
678 634 767 691 ionem
781 648 801 690 a
815 631 995 704 coloniense,
1019 634 1126 691 comite
1141 632 1179 690 de

90 754 144 797 seu
157 745 187 798 et
201 738 315 797 domina
330 741 462 813 principe
474 737 578 797 adferel
640 737 686 813 (nt
699 738 762 809 ipse
776 735 885 810 ajebet)
900 736 1031 810 impediti
1045 753 1156 795 sumus.
1180 735 1191 794 l

89 845 261 917 legationem
281 850 469 917 pmteaquam
491 844 598 902 audiun
702 888 709 914 ,
742 841 943 900 Atrebetensis
966 859 985 900 a
1008 841 1095 900 nobis
1118 858 1191 916 qm

90 949 147 1008 Sed
169 951 218 1009 ubl
242 950 441 1009 Atrebatensis
464 949 503 1007 ad
525 947 602 1006 aedes
624 947 765 1020 venimus,
794 948 902 1020 praesul
919 948 983 1019 jem
1002 953 1067 1005 tum
1093 947 1135 1006 ed
1155 964 1191 1022 pe

89 1054 300 1114 Grandeuelam
314 1055 480 1112 munerat
512 1053 686 1125 Subseqnuti
698 1054 789 1126 igitur
803 1068 869 1111 eum
882 1054 916 1111 in
927 1058 1052 1126 paterno
1064 1053 1191 1128 bospib'n

89 1161 128 1218 ad
150 1160 254 1218 horam
273 1161 382 1219 exitum
403 1160 466 1231 eius
486 1157 737 1232 prestolabantur,
762 1175 798 1216 ex
817 1175 909 1232 puero
927 1164 1025 1217 autem
1044 1157 1175 1230 quodm

89 1267 180 1322 druos
204 1280 268 1323 euni
290 1271 357 1336 post
381 1279 488 1321 nonam
509 1265 669 1321 missationi
689 1261 895 1322 interfuturum
916 1270 946 1321 et
965 1263 1075 1323 ibidem
1099 1280 1165 1323 cnm
1184 1282 1191 1338 1

91 1384 269 1442 pransurum.
301 1369 376 1427 Dum
391 1371 480 1442 igitur
493 1368 598 1428 ibidem
614 1376 750 1440 estem,
774 1385 866 1428 nauus
881 1367 1008 1441 oblonga
1026 1369 1191 1430 undulata·

91 1480 120 1533 et
140 1476 226 1533 mitra
243 1481 363 1533 ornatus
384 1475 545 1534 cubiculum
562 1473 737 1532 &indues
754 1475 853 1533 intrat.
889 1473 961 1532 Mox
980 1476 1151 1546 supervenit
1164 1476 1191 1535 Ρι

89 1595 109 1636 a
123 1579 279 1638 blslrenda
292 1581 438 1654 hispanus,
462 1581 630 1640 sorbonicus
649 1579 815 1653 theologus,
840 1579 1001 1638 sacessunus
1019 1577 1160 1654 cesaris,
1183 1597 1191 1638 t

89 1685 279 1744 accusationis
301 1700 372 1744 mese
394 1685 474 1761 (licet
495 1688 542 1744 bic
563 1685 688 1744 mendax
709 1686 833 1756 reperiri
861 1681 958 1756 velim)
981 1685 1191 1756 eodpboeunt

89 1788 178 1862 Cujus
199 1791 385 1863 inauspicatae
408 1793 469 1850 avis
492 1792 614 1850 cubiculi
637 1790 786 1848 intrmtum
808 1796 838 1847 et
859 1790 964 1848 exitum
985 1791 1095 1849 nulum
1117 1808 1191 1866 auge

88 1896 172 1954 uobis
194 1896 326 1954 attulisse
346 1902 426 1968 puto.
465 1896 628 1968 Hospitium
654 1893 843 1953 Gnnmvele
864 1894 945 1952 tedes
963 1901 1031 1953 snut
1052 1895 1191 1970 Fuggero

88 2016 160 2072 ques
175 2001 220 2058 vel
234 2001 322 2073 regiis
337 2000 495 2072 sumptibus
517 2006 663 2058 extructus
677 2006 770 2072 putes.
801 2000 931 2058 Vidimus
950 1999 1056 2059 ibidem
1076 2016 1133 2074 por
1146 2002 1191 2060 Ae

90 2118 156 2177 pure
172 2111 202 2164 et
216 2106 370 2164 masculum
386 2111 417 2162 et
431 2102 563 2163 enimn
577 2105 755 2178 pigmeorum
770 2106 816 2180 (nt
828 2103 929 2177 credo)
944 2106 981 2163 de
994 2112 1093 2177 gente.

178 2207 222 2266 ed
242 2209 396 2280 hospitium
415 2208 602 2268 redeuntibus
622 2211 723 2269 obrius
743 2209 777 2269 lit
791 2211 875 2269 nobis
889 2211 1053 2284 remgor,
1079 2213 1191 2272 Ababa

88 2313 257 2372 aseoretis.
295 2312 380 2371 Hune
399 2316 638 2388 interrogavimus
658 2318 780 2376 sciretne
800 2333 915 2375 causent
939 2321 1069 2375 nostrem
1096 2319 1191 2392 nuper

88 2419 217 2491 relatam,
242 2434 280 2477 au
299 2435 388 2479 secus.
421 2419 588 2493 Respondit
610 2420 711 2479 berum
726 2437 809 2480 sumn
828 2421 942 2493 dixisse,
966 2437 1014 2479 res
1032 2425 1191 2482 reviseres

88 2531 159 2584 tere.
192 2524 288 2598 Ipsum
304 2532 399 2585 autern
414 2526 519 2599 latere,
541 2541 609 2584 num
625 2524 734 2584 essars
751 2525 820 2600 quid
834 2527 958 2585 relatum
973 2527 1011 2584 sit
1024 2527 1071 2585 uel
1087 2545 1157 2588 nou.

176 2629 353 2690 coloniensis
375 2634 511 2704 scriptum
531 2633 727 2704 compromissi
746 2632 832 2689 tertio
853 2633 913 2702 jem
936 2631 1061 2691 describi
1084 2635 1191 2693 curuuit

89 2748 252 2806 quenquam
274 2751 327 2792 nos
350 2734 552 2808 landtgraviae
575 2735 736 2796 dixeramus
758 2736 873 2795 disertis
894 2736 1004 2807 verbis,
1035 2744 1068 2797 ut
1090 2754 1191 2798 cerere

87 2838 275 2910 appendendo
290 2838 386 2912 sigillo
401 2844 471 2921 etc,
495 2846 591 2899 emen
606 2842 728 2900 Adriani
742 2843 885 2900 sententia
898 2841 975 2899 vicit

175 2941 289 3016 lienus,
314 2957 397 3015 onem
418 2942 503 3002 bodie
524 2944 658 3019 ddimns,
682 2949 758 3006 inter
778 2947 967 3006 cubicularios
988 2944 1113 3005 Caesaris
1129 2951 1188 3022 egit

87 3062 122 3105 eo
138 3049 175 3105 ed
191 3044 408 3121 sirandevelam
434 3055 466 3106 ut
480 3049 572 3108 morbi
587 3053 633 3108 sni
647 3052 777 3110 leuamen
796 3051 913 3125 aliquod
932 3057 1017 3122 esset,
1041 3055 1155 3113 missus.
1184 3051 1191 3111 l

86 3158 130 3211 tot
144 3160 240 3211 restes
254 3153 373 3224 sericas,
398 3161 469 3225 quot
482 3157 550 3214 anni
565 3171 665 3214 cursus
680 3155 741 3216 dies
757 3158 896 3229 continet,
920 3172 983 3215 esse
998 3158 1090 3229 ejuut.

175 3255 221 3314 Ad
235 3258 355 3330 omnem
371 3258 594 3330 ponendisnem
609 3277 709 3319 rursus
723 3263 923 3321 Atrebotensis
937 3263 1087 3335 queritur,
1110 3277 1191 3337 quen

87 3364 142 3419 buc
157 3363 186 3419 in
200 3362 325 3436 hospitio
339 3371 461 3437 paterno
480 3367 650 3424 invenimus,
687 3367 827 3426 Prodiens
847 3369 944 3442 itaque
965 3367 1052 3426 domo
1074 3369 1191 3443 stipatus

89 3466 213 3538 undique
229 3481 247 3526 a
261 3466 489 3535 sollicitantibus.
522 3469 591 3527 Cum
606 3473 705 3544 itaque
720 3480 749 3530 et
763 3488 815 3530 nos
830 3473 873 3530 illi
887 3474 1190 3546 appropinquaremus,

86 3570 213 3630 Enbnlo:
236 3570 357 3632 Domine
378 3588 486 3647 comes,
511 3575 604 3634 adbuc
625 3577 827 3635 resolutionem
847 3595 866 3636 a
888 3578 1003 3636 Caesare
1024 3585 1161 3652 expecto,
1183 3592 1191 3635 ι

85 3676 137 3734 tibi
153 3675 224 3747 diri;
248 3678 321 3736 banc
335 3680 385 3738 ubi
399 3687 500 3739 radus
514 3678 607 3751 luero,
629 3697 679 3739 vos
695 3684 829 3740 accersiri
843 3683 960 3741 curabo.
993 3683 1096 3757 Sicque
1111 3685 1153 3742 illi
1166 3682 1191 3740 bt

85 3796 146 3839 rem
162 3782 299 3841 exbibens
314 3799 378 3841 cum
393 3783 539 3843 sodalibus
554 3787 625 3843 rneis
640 3784 706 3845 abii.

175 3886 282 3947 Eodem
297 3884 404 3947 iratres
418 3888 502 3947 nobis
523 3890 710 3951 ostenderunt
725 3894 877 3952 Acbatium
898 3892 988 3951 tilium
1006 3892 1127 3953 uotbum
1145 3888 1191 3970 ¹All

88 3990 231 4063 quondam
246 3991 409 4065 Mergentini
424 3994 629 4068 archiepiscopi
645 4003 674 4055 et
688 3997 829 4056 electoris.

177 4094 288 4155 Eodem
308 4096 459 4172 Philippus
479 4096 570 4160 irater
592 4106 622 4159 at
644 4116 699 4177 ego
719 4117 783 4160 cun
806 4101 978 4164 wendelino
997 4110 1029 4164 et
1050 4103 1138 4165 Floro
1157 4099 1191 4164 ud
