2678 4546
114 187 260 245 Romanos
275 185 460 243 concionatus
476 188 528 240 est.
569 181 640 239 Heri
656 181 730 239 enim
745 196 763 238 a
778 179 898 238 meridie
914 178 989 237 idem
1004 179 1167 253 argumenti
1183 183 1287 237 tracta·

114 289 172 348 bat.
197 290 283 362 Legit
297 292 393 346 antem
407 303 483 360 nunc
498 288 635 360 temporis
651 285 687 343 de
702 302 736 343 eo
751 286 826 344 loco:
849 285 964 344 Nemini
980 285 1132 357 quicquam
1148 283 1286 357 debeatis,

114 397 169 463 nisi
184 396 252 467 hoc,
277 401 310 453 ut
323 395 443 452 invicem
460 409 511 451 vos
527 393 664 465 diligatis.
703 391 778 450 Nam
794 392 843 463 qni
858 390 953 464 diligit
967 391 1106 463 altarum,
1127 390 1222 464 legem
1237 391 1287 447 im·

117 502 215 576 plauit,
232 499 372 574 siquidem
388 500 453 561 illa:
477 497 544 557 Non
559 497 748 570 adulterabis,
771 501 828 554 nun
843 496 972 569 occides,
989 511 1048 554 non
1063 493 1218 569 furaberis,
1234 511 1289 554 non

117 605 220 666 falsum
236 606 429 664 testimouium
444 603 539 676 dices,
565 618 622 660 non
637 602 821 674 concupisces
835 605 865 659 et
879 602 903 658 si
919 600 997 674 quod
1011 600 1090 661 aliud
1104 610 1289 676 preceptum,

117 713 148 769 in
162 711 216 770 hoc
241 727 371 769 sermone
392 709 554 767 summatim
577 706 838 780 comprehenditur.
876 706 989 781 Nempe
1013 707 1114 780 diliges
1130 708 1291 781 proximum

117 823 197 875 tuum
212 817 286 874 sicut
301 822 329 874 te
345 817 446 888 ipsum.
470 813 594 871 Dilectio
610 812 740 886 proximo
754 812 861 870 malurn
876 829 934 871 non
951 817 1096 887 operatur,
1114 829 1292 873 cousumma-

117 924 158 981 tio
174 924 272 995 itaque
287 922 359 995 legis
375 926 420 979 est
434 920 548 978 dileetio
564 921 619 976 etc.
643 918 701 977 Pru
717 917 812 976 studio
823 924 919 976 auwm
934 919 1095 978 inculcandi
1109 936 1145 978 ea
1161 936 1226 993 quae
1240 937 1293 993 per

119 1029 181 1087 dies
196 1008 306 1100 aliquot
327 1025 464 1084 docuerat
485 1038 520 1082 ea
539 1021 629 1081 verba
652 1039 710 1080 uon
729 1022 832 1099 attigit.
872 1022 929 1082 Sed
944 1024 1059 1097 repetiit
1078 1025 1193 1098 singula
1207 1025 1293 1099 hujus

119 1133 231 1207 capitis,
248 1131 404 1189 admonens
419 1125 618 1202 magistratum
633 1143 747 1185 rursum
762 1127 806 1186 sui
822 1124 909 1185 officii
924 1132 954 1186 et
967 1127 1128 1189 dilectionis
1138 1117 1141 1122 ’
1150 1131 1181 1188 in
1196 1129 1294 1189 subdi·

121 1246 176 1296 tos.
215 1237 286 1293 Item
307 1234 449 1306 subditos,
475 1237 508 1291 ut
521 1233 700 1306 magistratui
721 1233 751 1290 in
770 1232 914 1305 omnibus,
938 1237 1046 1307 prater
1068 1234 1177 1307 siquid
1192 1245 1294 1293 contra

118 1342 237 1401 verbum
252 1339 307 1397 Dei
322 1343 470 1412 statueret,
487 1338 653 1398 obedientes
668 1354 699 1396 se
711 1342 893 1412 praestarent,
909 1339 1057 1410 tributum,
1074 1340 1209 1414 vectigal,
1225 1357 1293 1398 con-

119 1448 291 1505 tributiones
312 1445 435 1516 denique
457 1449 487 1502 et
501 1445 596 1517 omnia
612 1443 750 1517 ejusmodi
765 1460 801 1502 ex
816 1444 957 1504 charitate
972 1443 1104 1504 offerant.
1139 1446 1216 1505 Nam
1231 1443 1294 1504 offi-

121 1553 194 1610 cium
210 1549 383 1609 defendendi
398 1550 489 1608 bonos
505 1556 535 1608 et
544 1550 635 1608 malos
651 1548 801 1608 coercendi
816 1535 877 1608 siue
892 1553 1002 1624 magnis
1013 1550 1174 1625 sumptibus
1190 1553 1295 1624 exequi

120 1658 228 1730 nequit,
246 1657 288 1714 ait
301 1657 348 1714 hic
362 1655 551 1722 ecclesiastes.
590 1656 662 1713 Item
677 1633 894 1729 magistratuum
909 1672 1048 1715 summam
1064 1661 1094 1715 et
1106 1658 1230 1729 primam
1244 1673 1293 1714 cn-

120 1780 181 1821 ram
198 1778 260 1820 esse
276 1760 390 1833 debere,
406 1765 442 1839 ut
454 1759 573 1819 subditis
589 1760 625 1818 de
639 1758 771 1819 fidelibus
786 1762 869 1844 verbi
889 1762 1027 1819 ministris
1041 1760 1241 1835 provideatur,
1266 1769 1296 1821 et

120 1869 241 1942 populus
257 1867 293 1925 ab
309 1866 416 1924 eisdem
431 1864 555 1925 fideliter
570 1867 601 1923 iu
616 1883 686 1925 sana
702 1865 833 1924 doctrina
847 1866 1025 1925 instituatur.
1064 1867 1137 1924 ltam
1153 1871 1186 1925 ut
1201 1862 1294 1926 cultus

122 1975 235 2032 divinus
252 1973 354 2044 quibus
369 1971 425 2030 coli
439 1988 470 2030 se
484 1971 558 2030 velle
572 1972 673 2030 unicus
688 1971 736 2028 ille
752 1970 841 2044 Deus,
859 1975 964 2043 prater
977 1988 1062 2044 quem
1077 1988 1135 2029 non
1151 1978 1197 2033 est
1212 1973 1295 2046 alius,

123 2095 175 2151 per
190 2075 280 2135 lilium
295 2093 376 2134 sunm
392 2076 488 2134 docuit
498 2077 582 2149 juxta
606 2078 756 2150 scripturae
772 2079 940 2151 praescripta
954 2055 1121 2151 peragatur.
1160 2079 1238 2153 Non,
1254 2080 1297 2137 in-

124 2183 195 2255 quit,
212 2181 439 2239 caramanialem
456 2181 536 2240 illum
551 2181 734 2254 papisticum,
756 2182 805 2254 qui
819 2183 944 2274 nonnisi
948 2199 1002 2256 pro
1017 2181 1085 2241 ludo
1101 2184 1207 2257 puerili
1222 2201 1295 2259 pup-

124 2303 225 2359 porum
246 2302 325 2344 more
344 2287 448 2358 puppis
470 2284 856 2352 ludentiumexistimandus
878 2292 931 2346 est.
958 2286 1160 2361 ,Magistratus
1182 2306 1296 2364 qnoque

124 2409 242 2466 operam
257 2392 319 2463 det,
342 2396 374 2449 ut
396 2396 425 2449 et
445 2391 506 2462 ipse
528 2392 677 2464 scripturae
693 2408 715 2451 s.
733 2410 790 2452 non
815 2393 890 2451 omui
907 2410 942 2451 ex
957 2400 1040 2466 parte
1055 2394 1174 2467 ignarus
1189 2397 1237 2470 sit,
1261 2413 1296 2456 ne

125 2515 236 2572 semper
259 2497 295 2556 ab
319 2514 370 2555 ore
392 2496 622 2569 detorquentium
643 2497 799 2571 scripturas
815 2504 844 2557 et
858 2500 951 2557 alieno
973 2500 1093 2559 cerebro
1106 2501 1237 2572 pendere
1252 2519 1296 2564 ao-

124 2610 237 2679 gantur.
275 2603 429 2662 Adduceus
446 2603 482 2662 de
496 2603 550 2660 boc
565 2609 739 2677 praeceptum
758 2604 929 2677 legislatoris
944 2604 1060 2663 Moseos
1077 2621 1114 2663 ex
1128 2605 1218 2668 Dent
1235 2626 1295 2682 cap.

131 2715 178 2768 17.
202 2711 274 2767 Haec
288 2714 383 2767 antem
398 2707 458 2767 fere
474 2715 540 2767 suut
555 2710 652 2768 verba.
678 2708 747 2767 Cum
762 2709 872 2768 sederit
884 2710 913 2768 in
934 2710 1005 2768 solio
1020 2711 1103 2784 regni
1118 2712 1173 2786 sui,
1190 2715 1295 2774 descri-

125 2816 176 2872 bat
190 2814 243 2871 sibi
260 2815 406 2887 exemplar
420 2813 505 2887 hujus
522 2815 592 2886 legis
608 2814 637 2871 in
651 2814 724 2873 libro
735 2830 829 2872 coram
843 2815 1040 2874 sacerdotibus
1052 2816 1159 2876 levitici
1173 2820 1295 2893 generis,

127 2919 238 2989 eritque
253 2917 324 2976 illud
339 2935 427 2992 penes
443 2935 517 2989 eum,
534 2925 566 2975 ut
580 2919 657 2993 legat
671 2920 702 2979 in
718 2937 752 2979 eo
769 2921 876 2978 cunctis
892 2920 991 2979 diebuu
1011 2921 1077 2978 vitae
1099 2939 1176 2997 suae,
1196 2930 1230 2983 ut
1244 2926 1294 2984 sci·

125 3024 193 3082 licet
208 3023 300 3081 discat
323 3024 423 3081 timere
449 3023 593 3082 dominum
608 3023 702 3083 Deum
722 3039 804 3084 suum
824 3031 854 3082 et
875 3041 990 3084 servare
1012 3028 1108 3086 omnia
1123 3029 1214 3089 verba
1228 3030 1295 3105 legis
1337 3098 1338 3103 .

126 3128 212 3202 hujus
227 3146 260 3186 ac
276 3135 385 3213 statuta
399 3130 464 3201 ista,
482 3134 513 3187 ut
528 3127 615 3188 faciat
630 3147 673 3202 ea,
692 3138 720 3190 et
735 3148 771 3189 ne
787 3131 906 3189 extollat
925 3146 1072 3190 corsuum
1088 3150 1179 3205 supra
1193 3132 1295 3196 bauo
1333 3196 1338 3215 ,

126 3251 207 3306 snos,
231 3250 327 3306 neque
347 3232 464 3292 recedat
485 3241 661 3309 apraecepto
682 3254 734 3296 nec
754 3237 792 3295 ad
806 3234 952 3295 dexteram
969 3254 1021 3295 uec
1035 3237 1073 3296 ad
1088 3239 1244 3314 sinistram,
1266 3243 1295 3298 ut

126 3344 263 3412 proroget
285 3337 345 3395 dies
365 3339 394 3395 in
413 3355 502 3412 regno
526 3357 577 3397 suo
600 3341 662 3413 ipse
686 3347 714 3400 et
734 3340 785 3399 filii
809 3342 869 3413 ejus
893 3341 923 3399 in
947 3341 1040 3401 madio
1060 3343 1187 3402 Israelis.
1226 3346 1294 3405 liam

126 3442 284 3514 exemplum
299 3443 387 3501 Josiae
402 3445 493 3518 regis,
520 3446 568 3518 qui
588 3451 705 3520 reperto
729 3445 804 3506 libro
826 3448 897 3522 legis
913 3447 1019 3505 cultum
1034 3446 1090 3506 Dei
1105 3447 1293 3524 redintegrari
1335 3467 1337 3473 ’

126 3535 304 3621 praeceperat
318 3554 371 3607 etc.

214 3652 390 3712 Acoucione
411 3654 477 3714 dum
499 3655 642 3728 loannes,
665 3656 813 3731 Philippus
834 3664 864 3716 et
883 3658 998 3717 Samuel
1018 3658 1135 3717 comites
1159 3657 1293 3718 adhueia

127 3757 293 3817 deducenda
309 3759 423 3819 domina
438 3762 567 3834 principe
582 3762 730 3835 abessent,
751 3760 881 3822 Eubulus
898 3767 927 3821 et
941 3762 1129 3822 Wandelinus
1144 3764 1292 3823 comitante

126 3881 175 3922 eos
191 3864 294 3923 Carolo
310 3882 328 3922 a
344 3865 500 3940 Stockeim,
522 3873 639 3941 satrapa
653 3868 683 3925 in
699 3867 849 3941 Weilburg
868 3874 897 3927 et
912 3868 1054 3942 Usiugen,
1076 3868 1291 3930 Atrebatem

127 3970 237 4043 adiere,
263 3971 310 4043 qui
333 3973 393 4028 viso
408 3971 522 4031 Eubulo
546 3973 649 4045 gallico
676 3988 754 4031 mora
775 3973 943 4032 exclamavit
963 3974 1034 4033 Mon
1054 3974 1191 4048 seigneur
1213 3977 1290 4034 aonia
1330 3964 1331 3969 ’

126 4080 191 4148 etc,
207 4075 328 4134 innuens
351 4093 382 4135 se
401 4079 526 4137 erastino
546 4077 660 4138 circiter
682 4082 811 4138 octavam
831 4093 915 4150 posse
935 4079 1078 4140 arbitrare
1093 4078 1289 4141 resolutiones!
