2678 4546
90 229 185 286 torum
201 230 232 285 et
245 225 354 299 impetn
369 222 571 284 exundationis
591 239 732 299 aquarum
752 223 882 298 plaustra
901 223 1011 300 aliquot
1029 224 1143 285 silicum
1156 241 1207 300 per
1218 224 1255 287 do

91 347 165 390 vexa
179 331 318 390 montium
332 329 374 389 ita
388 330 418 388 in
432 327 531 404 fruges
545 328 733 389 flavescentes
747 336 893 405 congesta,
912 335 946 388 ιιι
959 327 1020 390 fere
1035 345 1120 404 seges
1134 334 1256 406 ooopmtr

89 436 248 496 videretur.
272 436 345 494 Item
360 435 428 494 alibi
441 439 523 494 tanta
533 435 562 494 ui
575 451 693 494 arenam
704 435 735 493 in
745 435 842 495 Solam
855 435 965 495 invexit
978 441 1011 494 ut
1026 433 1178 496 subitaneo
1190 441 1254 497 meu

89 543 183 616 pisces
197 543 277 602 vivos
291 540 321 599 in
337 541 442 599 siccum
464 539 582 599 eliceret
601 557 636 598 ac
649 540 750 599 rustici
764 557 825 613 erus
846 541 903 600 loci
923 529 1018 615 pisces
1034 557 1125 601 manu
1145 541 1252 617 prehen-

89 646 203 721 derem,
222 641 366 704 referente
385 643 509 704 Otthonc
524 644 746 719 Entzenbergio.

176 751 252 810 Dum
266 750 414 809 Wimeriae
428 749 460 807 in
475 765 541 808 erce
557 749 652 808 ducali
666 751 743 810 inter
757 749 900 811 dominam
914 732 1028 810 socrum
1043 758 1074 813 et
1089 751 1253 814 Gunthem

89 856 221 917 comitem
235 871 323 930 super
338 854 406 914 dote
420 854 583 914 Anastasia
598 856 696 915 uxoris
711 861 818 916 nostrae
839 862 869 916 et
883 855 946 915 aliis
967 870 1056 917 eausa
1070 858 1251 932 ventilaretur,

89 976 238 1021 consessus
260 960 374 1020 consilii
393 960 460 1022 talis
479 959 542 1020 init.
580 961 694 1036 Primus
716 962 894 1036 occupabant
907 960 1038 1021 loannes
1052 961 1253 1024 Fridericnset

87 1068 216 1128 loannes
235 1065 420 1140 wilhelmus,
444 1082 510 1124 nam
531 1066 632 1126 tertius
653 1065 775 1126 fratrum
797 1067 890 1127 adhuc
910 1068 1089 1127 minorennis
1108 1073 1161 1128 est.
1197 1068 1252 1128 Ριιι

87 1173 140 1233 hos
155 1171 322 1232 Bernurdus
336 1187 355 1230 a
369 1169 460 1230 Milen
474 1186 562 1243 eques
579 1171 678 1230 doctor
692 1173 818 1231 Vocatus
831 1171 932 1246 Brugk
946 1173 1052 1249 senior,
1071 1173 1173 1234 ductor
1186 1173 1252 1233 nno

87 1278 173 1338 leben
195 1276 313 1349 nobilis,
340 1274 440 1334 doctor
462 1274 634 1349 Bliehhard,
664 1276 765 1335 Justus
787 1293 805 1335 a
829 1276 917 1351 Hayn
940 1279 1131 1340 cancellarius
1154 1279 1251 1353 nubib

88 1379 222 1442 Wnlffius
237 1396 256 1439 a
270 1379 379 1439 Mulich
394 1379 511 1454 nobilis,
527 1381 665 1455 magister
680 1380 779 1440 demus
796 1386 826 1440 et
835 1368 982 1455 juniorum
1002 1386 1166 1460 principum
1185 1384 1252 1460 quasi

88 1485 392 1548 informator'nobilis.
438 1485 579 1560 Magister
601 1486 772 1546 Franciscus
795 1486 977 1546 Bureklrerdi
1004 1464 1251 1563 vicecancellarius,

87 1593 230 1653 Hernicus
245 1591 363 1651 Munich
378 1591 570 1651 marschalcus
590 1596 620 1652 et
635 1597 761 1666 quaestor
781 1595 901 1653 aerarius
923 1610 1089 1670 supremus,
1113 1595 1190 1671 cuod
1202 1592 1252 1656 effi·

87 1700 163 1759 cium
177 1704 207 1758 et
221 1699 274 1759 sub
289 1698 402 1757 seniore
418 1697 541 1756 electore
555 1699 648 1757 tenuit
663 1698 768 1771 etipse
784 1697 874 1758 nobili
889 1700 1003 1773 genitus
1019 1703 1168 1776 prosapia
1190 1701 1252 1763 Dat

87 1810 133 1865 tor
148 1804 281 1864 Basilius.
304 1804 352 1862 Ex
365 1802 507 1862 tutoribus
522 1803 685 1862 Anastasia
695 1801 835 1878 Georgius
844 1804 986 1863 Ernestns
1001 1808 1163 1868 avunculus
1175 1807 1251 1885 ipa‘n

88 1912 166 1971 eolus
181 1907 284 1984 adfuit,
305 1924 373 1967 nam
386 1907 537 1983 Philippus
550 1925 571 1968 a
584 1907 728 1968 Mansield
742 1925 759 1968 e
774 1910 845 1967 vivis
860 1912 991 1970 excessit.
1032 1911 1251 1987 sigismundus

88 2014 219 2076 Holbach
234 2030 296 2089 proe
310 2014 391 2073 senio
406 2013 450 2073 bis
464 2030 537 2088 puer
549 2019 601 2073 est.
626 2013 792 2074 Friderious
805 2015 1041 2090 aWangenheim
1051 2017 1175 2079 adversa
1187 2017 1251 2078 vale

88 2120 190 2180 tudine
203 2118 363 2179 laborabat.
391 2120 419 2179 A
434 2119 560 2179 consiliis
574 2135 643 2180 vero
659 2123 689 2180 et
703 2118 784 2179 verbi
800 2118 858 2179 dux
871 2121 1014 2182 Melchior
1029 2125 1067 2184 ab
1083 2124 1158 2184 Οιιιι
1170 2124 1251 2199 legun

91 2225 190 2285 docter
210 2229 240 2284 ιι
255 2225 346 2298 judex
366 2225 474 2284 audeus
497 2225 632 2285 Meurieii
655 2224 736 2284 ducis
756 2230 786 2283 et
804 2223 904 2284 Gallus
923 2227 1068 2288 Biretaeus
1088 2233 1181 2289 erant
1213 2227 1251 2287 Ex

89 2335 173 2407 purte
187 2328 328 2389 Guntheri
349 2329 570 2406 Christophorus
593 2330 630 2389 ab
650 2330 833 2403 Entzenberg
855 2335 988 2405 subapas
1011 2332 1050 2391 ab
1066 2334 1251 2395 ·Arnetadtet

89 2436 190 2497 doctor
203 2435 394 2510 Reinhardns,
412 2438 460 2511 qni
475 2454 576 2512 parum
592 2437 693 2510 gratim
709 2441 737 2495 et
751 2434 846 2494 laudis
862 2437 1025 2497 mentiendo
1042 2440 1090 2498 vel
1104 2441 1206 2514 potius,
1225 2440 1251 2496 ut

89 2543 207 2603 edoctus
223 2548 298 2617 erat,
321 2543 470 2602 mendacia
484 2540 635 2602 referendo
650 2541 729 2617 apud
743 2541 886 2615 principes
910 2548 941 2601 et
954 2526 1135 2606 consiliarios
1150 2544 1249 2607 duculos

88 2651 206 2710 meritus
222 2656 274 2710 est.

178 2754 257 2815 Nota
277 2756 313 2815 de
334 2756 410 2815 mille
430 2753 547 2815 florenis
568 2753 717 2813 Gunthero
738 2760 836 2813 mutuo
857 2755 946 2830 detis,
968 2760 1001 2815 ιιι
1021 2757 1129 2817 litterae
1149 2757 1249 2818 denon-

90 2863 196 2931 strant,
217 2860 283 2919 licet
299 2861 398 2920 doctor
414 2861 532 2938 (inscius
548 2857 686 2933 arbitror)
702 2860 785 2934 hujus
801 2859 891 2920 debiti
906 2859 1017 2921 inficias
1031 2862 1097 2922 iret

178 2965 340 3025 Inuitarunt
366 2983 419 3025 nos
441 2966 562 3025 Carolus
589 2963 683 3024 affinis
706 2969 803 3025 noster
827 2972 856 3025 et
876 2967 951 3026 idem
972 2968 1062 3028 uidua
1081 2969 1113 3027 in
1132 2962 1252 3036 Rhemdt

90 3070 157 3129 olim
172 3071 293 3130 loannis
308 3072 418 3131 comitis
433 3089 452 3130 a
467 3071 604 3131 Gleichcn
619 3085 702 3129 uxor.

178 3178 288 3237 Eadem
310 3179 425 3238 domine
447 3195 545 3238 socrus
565 3178 749 3236 Anastasiam
772 3181 800 3235 et
819 3177 961 3237 Eubulum
985 3180 1017 3237 in
1037 3186 1253 3240 concameratum

90 3286 149 3344 siue
170 3285 415 3343 conservatorium
432 3283 614 3344 Rndelstadii
633 3283 805 3356 introduxit,
830 3283 879 3342 ubi
898 3284 1030 3343 Eubulus
1046 3287 1147 3360 jussus
1168 3292 1211 3346 est
1225 3299 1255 3343 ιι

90 3389 249 3448 inventario
264 3389 294 3446 in
310 3387 482 3449 membranis
497 3390 658 3468 conscripto
674 3405 709 3447 en
723 3388 822 3447 ordine
837 3389 945 3463 legere,
961 3381 1113 3464 quae'vaea
1128 3393 1255 3452 dmunu

90 3498 120 3552 et
134 3496 272 3567 argentea
286 3494 391 3554 ibidem
409 3495 439 3552 in
454 3495 674 3579 conservatoriis
693 3499 919 3553 asservarentur.
958 3495 1002 3554 Ae
1019 3498 1136 3573 singula
1149 3503 1182 3557 ut
1195 3495 1256 3556 red·

90 3599 227 3666 tabentur
241 3600 358 3658 inuenta
378 3605 453 3658 sunt.
492 3599 580 3659 Dedit
594 3605 690 3659 autem
709 3616 807 3659 merus
823 3616 859 3658 ex
879 3616 913 3659 eo
928 3601 1140 3678 reconditorio,
1164 3605 1193 3663 in
1207 3616 1255 3675 quo

89 3707 220 3781 supellex
241 3712 378 3780 argentea
399 3707 455 3779 ipsi
474 3707 569 3765 socrui
584 3704 629 3763 vel
645 3704 719 3764 done
738 3706 820 3779 data,
842 3705 888 3764 vel
903 3720 939 3763 ex
953 3707 1074 3780 proprio
1088 3712 1158 3781 post
1170 3706 1257 3766 mariti

90 3811 200 3872 obitum
222 3808 359 3885 conflata,
382 3815 460 3884 erat,
491 3811 652 3870 Anastasia>
670 3812 774 3870 ciatum
794 3812 866 3884 justi
886 3808 1022 3884 ponderis
1045 3813 1143 3872 medio
1165 3813 1257 3873 violam

90 3917 233 3978 referente
248 3935 281 3976 ac
296 3918 474 3977 deauratum.
504 3918 618 3977 Eubulo
633 3932 701 3976 vero
718 3917 887 3974 cantharum
909 3922 1080 3990 argenteum
1095 3934 1134 3978 ex
1147 3924 1256 3993 argento

90 4038 163 4095 puro
185 4024 335 4082 adinstar
355 4022 481 4082 fimbrias
496 4022 565 4097 ligni
587 4022 755 4081 deauratum
775 4038 849 4097 pene
869 4022 1102 4095 sesquiquartam
1117 4030 1151 4085 ut
1164 4032 1255 4084 roeaut

81 4121 187 4197 liquidi
207 4142 353 4203 capacem.
391 4128 494 4189 Vestes
516 4143 629 4204 quoque
650 4126 778 4187 Aemiliae
800 4125 838 4186 ad
856 4128 972 4204 nuptias
995 4134 1119 4206 paratas
1135 4131 1253 4192 uidua

1276 4290 1282 4355 l
