2678 4546
674 69 738 135 tao

122 256 177 317 sibi
191 254 352 329 symmistes
364 253 425 326 jam
439 258 509 326 tum,
526 267 589 310 cum
603 269 621 310 a
636 258 738 311 senatu
754 268 841 324 super
855 250 910 310 hoc
919 243 1051 324 requisiti
1061 258 1167 327 essent,
1185 258 1216 312 et
1230 268 1296 312 con·

122 363 216 421 silium
232 367 261 420 et
275 375 443 434 responsum
458 373 540 416 suum
555 357 667 416 dedisse
683 364 712 417 et
726 358 786 417 sole
803 358 908 415 clarina
923 363 1071 431 constare,
1094 357 1173 431 quod
1190 358 1222 416 iu
1235 365 1295 417 toto

122 468 196 527 libro
211 467 293 525 istius
308 466 423 524 interim
437 464 485 522 vix
499 466 558 520 tres
574 463 688 522 articuli
704 465 776 536 siut,
798 463 900 535 quibus
916 463 1027 522 sincere
1042 463 1211 521 christanus
1231 464 1294 523 sub·

123 574 248 631 seribere
265 576 359 644 queat.
391 571 430 628 Et
445 569 517 642 dixi,
540 568 645 642 inquit,
667 568 789 628 dominis
804 569 874 627 meis
890 569 1053 628 consulibus
1068 585 1115 627 me
1131 584 1192 628 una
1207 575 1237 628 et
1251 584 1294 628 ce·

123 686 201 737 teros
217 678 273 737 albi
289 677 390 750 nostri,
417 675 508 733 donec
531 688 583 746 per
607 677 744 771 senatum
760 673 840 750 (licet
862 679 996 747 respectu
1018 675 1126 733 nullius
1148 674 1294 750 persone)

123 785 316 857 evangelicam
332 781 491 841 doctrinam
507 795 579 853 pure
594 786 623 838 et
638 781 788 840 sinceriter
804 781 952 854 docturos,
973 785 1146 853 rumpantur
1161 780 1293 841 adversa·

122 891 173 948 riis
188 890 238 948 ilia
252 889 297 947 vel
312 904 402 946 secus.
428 886 459 945 Si
473 892 568 944 autem
583 886 688 944 domini
703 888 760 945 mei
774 891 919 960 verentur,
936 886 993 944 illis
1007 887 1064 945 mei
1080 901 1151 960 ergo
1167 886 1238 978 quid
1251 885 1292 944 vel

122 993 291 1054 incommodi
306 997 357 1053 aut
371 991 472 1066 pericli
487 1007 546 1048 suae
562 992 725 1064 reipublicae
745 992 876 1051 accidere
896 1005 995 1066 posse,
1018 997 1080 1050 tum
1100 991 1228 1051 libenter
1245 1008 1291 1066 pa·

122 1100 189 1173 tiar,
206 1104 238 1156 ut
253 1099 322 1156 mihi
338 1098 374 1155 de
390 1096 446 1154 alio
461 1096 524 1155 loco
540 1098 711 1171 provideant
726 1102 755 1156 et
770 1113 805 1156 eo
822 1097 942 1155 conduci
957 1103 1129 1171 procurent,
1146 1113 1207 1157 non
1223 1097 1291 1155 enim

122 1202 249 1264 conabor
264 1205 334 1276 ipsis
349 1202 444 1261 inritis
461 1208 489 1261 et
504 1207 606 1261 contra
621 1203 796 1262 voluntatem
812 1220 912 1263 eorum
926 1203 972 1261 hic
981 1203 1156 1262 concionari.
1182 1201 1215 1261 Si
1229 1216 1291 1260 uero

122 1310 177 1383 ipsi
199 1309 244 1385 (ut
264 1310 396 1383 superius
418 1307 524 1367 dictum
547 1306 602 1383 est)
626 1325 671 1367 me
694 1308 739 1366 bic
761 1308 878 1367 verbum
901 1309 1077 1384 praedicare,
1101 1312 1134 1366 ut
1156 1307 1290 1367 hactenus

123 1414 228 1473 factum
244 1421 302 1487 est,
324 1415 427 1488 velint,
451 1419 571 1488 paratus
586 1431 648 1472 sum
663 1413 808 1486 usquead
824 1417 983 1473 extremum
997 1414 1064 1473 vite
1080 1412 1206 1474 halitum
1219 1410 1290 1486 apud

123 1538 172 1580 eos
188 1521 347 1580 doctrinam
362 1520 435 1579 banc
451 1527 480 1579 et
494 1520 677 1595 promulgare
694 1523 723 1577 et
743 1512 897 1578 defendere
920 1520 1032 1593 ipsique
1051 1520 1207 1579 inherere.
1236 1517 1288 1577 Po·

122 1632 269 1700 steaquam
283 1628 356 1701 juris
373 1627 518 1685 consultus
534 1625 638 1684 illesic
654 1623 858 1699 Wolfgangum
872 1623 1055 1699 respondisse
1077 1624 1165 1698 vidit,
1188 1639 1262 1697 curn,
1278 1618 1288 1655 ¹

122 1733 227 1807 inquit,
252 1733 313 1805 ipse
328 1733 389 1790 baec
405 1732 488 1803 dicis,
513 1728 566 1789 tibi
586 1731 712 1790 obticere
731 1748 789 1789 non
810 1747 940 1804 possum,
965 1728 1159 1790 consultatum
1180 1727 1288 1804 quidem

122 1855 184 1896 esse
205 1841 236 1896 in
255 1843 370 1911 senatu,
394 1854 462 1896 num
488 1837 525 1896 ad
546 1840 658 1910 tempus
680 1839 710 1896 in
733 1838 820 1896 alium
843 1837 967 1910 aliquem
988 1836 1083 1894 locum
1106 1832 1287 1895 destinandus

124 1960 210 2002 esses.
238 1943 296 2002 Sed
311 1944 406 2015 timuit
421 1942 614 2015 magistratus,
630 1947 668 2016 te,
686 1944 735 2016 qui
751 1959 814 2001 cum
830 1958 921 2002 annos
937 1942 1048 2016 aliquot
1062 1939 1192 2001 fideliter
1203 1938 1287 1999 bitin

124 2049 212 2108 verbo
229 2049 336 2107 domini
350 2046 513 2121 praefueris,
539 2049 563 2106 si
578 2047 640 2106 haec
655 2048 781 2109 conditio
796 2049 850 2107 tibi
870 2046 1035 2122 offerretur,
1060 2061 1141 2122 aegre
1161 2047 1286 2107 nemum

124 2152 173 2211 Sin
188 2169 257 2213 vero
272 2159 323 2212 tua
339 2170 409 2227 pace
425 2153 494 2210 mihi
509 2153 773 2226 licen·et,.referrem
790 2154 910 2213 dominis
925 2153 1006 2228 meis,
1023 2168 1089 2227 quae
1103 2168 1141 2212 ex
1150 2150 1286 2213 teaudim'.

123 2257 221 2331 Quare
236 2274 306 2331 non,
331 2259 373 2317 ait
386 2258 533 2318 Masculus
541 2282 557 2330 ,·
572 2255 702 2319 faceres?
731 2261 807 2319 Nam
821 2260 898 2319 idem
912 2257 982 2316 mihi
998 2255 1094 2317 adbuc
1109 2263 1156 2318 est
1175 2256 1287 2328 numu,

123 2368 156 2421 ut
171 2380 206 2422 ex
221 2381 266 2422 me
277 2366 337 2436 jam
353 2364 468 2423 audisti.
499 2364 620 2421 Abierat
635 2365 723 2438 igitur
739 2364 814 2423 idem
837 2364 937 2423 doctm
957 2364 1072 2424 senatui
1093 2362 1157 2422 haec
1176 2376 1286 2422 enam·

121 2476 213 2542 turus,
231 2472 313 2542 quasi
329 2471 448 2544 exiguus
464 2469 611 2528 Musculus
627 2485 741 2528 nasaam
755 2469 829 2528 banc
844 2485 902 2528 non
918 2469 1100 2529 abolevisset.
1124 2470 1165 2530 m
1179 2468 1209 2528 id
1222 2474 1285 2527 tam·

121 2578 210 2652 poris,
227 2576 294 2634 dum
311 2592 364 2648 ego
380 2576 459 2649 apud
473 2575 634 2636 Musculum
649 2576 679 2633 in
694 2574 802 2633 aedibus
818 2575 876 2632 suis
893 2590 994 2648 essem,
1012 2578 1129 2634 senatus
1145 2575 1181 2635 de
1195 2589 1229 2633 aa
1242 2570 1286 2631 ab·

122 2680 244 2752 legando
259 2682 405 2753 cogitavit.
438 2680 534 2739 Didici
550 2687 579 2739 et
593 2680 698 2740 ibidem
715 2680 874 2740 Sertorium
890 2685 919 2738 et
934 2680 1006 2740 alios
1022 2681 1121 2740 decem
1138 2680 1224 2740 duces
1241 2691 1286 2753 pe·

123 2785 220 2841 caulas
240 2785 346 2844 babere
367 2791 396 2844 et
415 2786 531 2859 elargiri
553 2786 590 2843 ad
609 2786 769 2858 parandum
792 2787 918 2847 militem.
955 2784 1027 2844 (lum
1052 2786 1177 2846 dicerem
1198 2796 1289 2858 regen

124 2903 237 2960 quoque
252 2888 382 2947 Franciae
397 2892 471 2950 male
487 2890 619 2951 affectum
638 2907 700 2951 asse
716 2908 863 2967 argaeos,
889 2892 938 2965 qui
958 2891 1110 2951 sinceriter
1132 2891 1220 2953 rerba
1238 2887 1286 2949 do·

122 2994 192 3050 mini
208 2992 402 3053 adhaererent:
427 2996 493 3055 Non
510 3014 570 3072 rex,
586 3000 688 3072 iuquit,
705 2998 756 3056 sed
769 2999 986 3072 parlamentum.
1010 2996 1076 3056 Etsi
1085 2994 1296 3057 interficiunt?

124 3098 228 3157 ibidem
244 3098 408 3173 Christiani,
426 3102 482 3158 imo
498 3119 614 3163 necesse
630 3109 675 3163 est
690 3120 752 3162 esse
767 3102 874 3162 ibidem
895 3102 1085 3162 Christianos.
1117 3103 1169 3163 Ait
1182 3112 1296 3177 quoqu

121 3205 219 3263 mirari
243 3222 273 3264 se
296 3223 353 3264 nou
377 3208 446 3266 satis
469 3224 566 3282 posse,
592 3210 670 3282 quod
693 3225 789 3268 omnes
812 3209 910 3268 modot
930 3225 976 3267 am
999 3207 1122 3279 abjectis
1142 3213 1173 3267 et
1186 3200 1302 3281 parib

122 3310 224 3366 animis
245 3316 341 3369 essent
362 3312 397 3371 0b
418 3313 509 3371 minas
529 3318 654 3389 tantum,
679 3331 742 3373 cum
765 3321 860 3373 tamen
881 3313 927 3371 bae
949 3314 1034 3371 minae
1058 3312 1219 3373 certissima
1236 3306 1310 3371 ὕ

123 3413 218 3486 signa,
242 3415 317 3487 quod
333 3416 369 3474 N.
387 3417 458 3476 nibil
472 3420 518 3477 vel
533 3424 752 3494 perpetraturus
768 3421 806 3478 sit
825 3419 871 3477 vel
891 3419 918 3475 vi
941 3417 1140 3492 aggrediatur.
1171 3416 1313 3477 lutam·

121 3518 187 3593 gavi
203 3519 296 3591 ipsum
312 3536 440 3595 quoque,
467 3525 491 3581 si
507 3524 574 3596 quid
590 3524 705 3584 domino
726 3526 792 3583 Vito
815 3541 867 3583 auo
888 3524 1002 3584 nomine
1022 3523 1086 3583 dice
1107 3522 1205 3583 vellet
1233 3516 1317 3583 Ab

121 3631 153 3682 ut
167 3625 260 3697 ipsum
276 3626 337 3698 ejus
352 3628 466 3685 nomine
482 3629 593 3687 salvere
612 3631 742 3708 jubeam,
767 3645 801 3688 ac
820 3636 852 3688 ut
871 3628 940 3688 mibi
962 3634 1147 3704 enarrasset,
1170 3642 1230 3689 ram
1247 3606 1326 3685 fl

122 3730 295 3804 detegerem.
328 3732 402 3790 Nam
418 3738 521 3807 putare
537 3750 581 3806 se,
606 3736 630 3792 si
645 3752 663 3794 a
678 3740 779 3793 senatu
795 3734 972 3807 dimittatur,
996 3738 1029 3792 ut
1043 3749 1080 3793 ex
1094 3732 1192 3795 verbis
1205 3726 1336 3807 W

122 3836 243 3894 consulti
257 3835 333 3894 illius
349 3836 429 3895 aliud
445 3838 573 3898 divinare
589 3857 646 3898 non
662 3845 768 3914 posset,
785 3855 815 3898 sa
831 3837 1031 3899 velBasileam
1044 3854 1080 3898 ve
1107 3840 1147 3901 ad
1167 3847 1200 3889 ὴ
1312 3815 1339 3824 ’-

122 3935 236 4012 iturum,
253 3941 292 4001 ad
307 3946 419 4015 tempus
435 3942 551 4016 aliquod
567 3943 660 4003 adhuc
675 3960 793 4005 uxorem
809 3951 839 4004 et
853 3945 960 4006 liberos
975 3944 1039 4019 Aug
1079 3948 1118 4004 ιω
1133 3943 1216 4005 reba·
1232 3969 1234 3989 u
1253 3934 1257 3941 ’

699 4076 716 4113 e

200 4154 211 4199 l
232 4153 281 4205 lla.
300 4161 363 4209 tum.
