2678 4546
671 44 744 112 bu-

123 243 159 287 nc
176 227 268 288 dicam
282 227 361 302 qnod
375 224 413 288 ad
427 226 596 301 religionem
610 227 795 287 christianam
809 227 922 302 attinet,
944 226 1015 287 mibi
1028 243 1090 288 non
1104 228 1205 303 ignota
1218 232 1279 287 sunt.

123 333 245 406 Insuper
258 338 292 392 ut
306 330 426 392 dominis
440 332 730 406 Hennebergensibns
744 333 867 407 nuntiet,
898 332 924 391 si
936 348 997 412 *qua
1010 333 1120 407 possim
1134 333 1207 408 ipsis
1220 349 1281 407 pru

122 444 200 497 stare
216 446 309 513 grata
324 454 370 497 me
384 454 442 497 non
457 437 577 497 invitum
591 415 742 496 facturum.
778 438 885 497 Verum
899 438 962 496 baec
975 444 1109 514 tempora
1123 443 1155 498 et
1168 455 1285 514 praesen·

122 547 167 602 tes
190 542 289 602 domus
310 558 344 600 ac
363 543 489 616 regionis
509 558 580 602 meae
605 523 697 602 statum
716 557 775 601 non
802 544 985 624 permittunt,
1009 549 1043 602 nt
1063 540 1148 604 iacile
1168 560 1223 619 pro
1243 560 1288 603 sue

122 646 299 722 principibus
321 646 407 722 digna
426 646 581 720 prudentia
605 646 712 706 domini
731 646 788 705 mei
802 647 987 708 considerare
1001 653 1134 723 possent;
1155 665 1222 721 qnae
1235 665 1288 708 om·

122 753 173 812 nia
189 754 230 810 sic
245 769 307 812 esse
322 752 465 826 principes
479 752 737 825 Hennebergenses
759 752 879 825 posthac
899 754 985 813 latins
1000 758 1031 813 et
1044 754 1162 827 optimis
1176 755 1290 815 radoni·

122 858 176 917 bus
192 858 306 918 edoceri
322 864 351 918 ct
366 860 504 919 cerneres
518 855 582 916 fieri
597 861 725 931 possunt.
764 856 848 916 Omni
862 858 965 932 igitur,
982 873 1040 931 qua
1054 873 1182 933 possum
1207 860 1292 918 amica

122 962 316 1023 obtestatione
333 968 363 1022 et
377 964 465 1022 animi
479 963 667 1022 submissione
682 976 794 1036 precor,
810 968 843 1021 ut
858 962 964 1023 domini
979 962 1017 1023 ab
1031 963 1211 1038 Henneberg
1224 965 1293 1023 banc

122 1083 215 1126 meam
230 1068 441 1129 excusationem
462 1085 521 1129 non
544 1085 598 1142 pro
620 1064 717 1126 efficta
737 1071 767 1125 et
784 1082 861 1126 vana
885 1068 1093 1129 detrectatione
1107 1074 1168 1128 tarn
1184 1069 1292 1129 honesti

123 1175 243 1248 negocii,
259 1175 311 1233 sed
324 1189 378 1246 pro
392 1174 555 1232 necessaria
577 1177 607 1231 et
628 1171 787 1231 inevitabili
809 1172 969 1247 benigniter
988 1179 1018 1234 et
1031 1175 1125 1235 amice
1138 1175 1294 1249 suscipiant

124 1281 154 1334 ec
167 1277 246 1350 apua
259 1277 481 1338 inlustrissimum
500 1259 642 1338 loannem
663 1275 843 1336 uniuersam
866 1276 966 1337 anam
987 1279 1121 1345 sunna
1143 1281 1293 1341 eneconem

123 1384 222 1463 natum
237 1387 291 1441 etc.
316 1399 400 1457 quam
414 1384 571 1442 humillime
585 1382 784 1457 deprecentur.
809 1382 840 1442 Si
855 1399 914 1456 qua
927 1384 1000 1443 alias
1015 1385 1085 1459 ipsis
1096 1384 1222 1446 dominis
1235 1389 1295 1443 tun-

125 1501 210 1558 quam
225 1488 301 1561 patri
322 1493 351 1548 et
373 1485 453 1548 affini
473 1489 544 1547 mem
566 1487 752 1549 observandis
772 1493 801 1547 ct
820 1488 997 1548 amicissimis
1019 1490 1162 1550 inserena
1183 1504 1301 1563 nuceam.

124 1607 209 1664 spero
232 1592 309 1665 quod
330 1595 455 1663 animum
477 1610 570 1652 meum
589 1610 625 1651 ex
646 1588 723 1652 facto
743 1594 884 1680 noverint.
922 1593 970 1653 Ad
991 1611 1114 1670 quornm
1127 1593 1227 1654 officia
1239 1608 1295 1652 una

124 1711 187 1756 cum
202 1713 292 1757 uxore
311 1703 341 1759 et
359 1698 458 1759 liberis
478 1715 524 1757 me
543 1702 635 1758 totum
656 1696 745 1757 oliero
765 1703 795 1757 et
817 1714 880 1756 cunr
896 1696 986 1759 ‘modo
1009 1700 1090 1761 aliud
1104 1714 1164 1759 nen
1179 1701 1292 1774 possin,

124 1801 229 1862 curabo
244 1804 320 1862 utin
335 1805 440 1864 nostris
455 1803 582 1864 ecclesiis
598 1818 752 1878 suppresso
767 1807 864 1884 umen
888 1806 1017 1879 nomine,
1041 1821 1094 1879 pro
1108 1805 1233 1866 Alberto
1247 1820 1292 1864 eo-

123 1921 186 1964 rum
201 1909 306 1982 amico,
328 1908 548 1968 clementissimo¹
566 1909 696 1982 principe
710 1925 774 1968 meo
790 1915 902 1983 oretur,
925 1913 958 1968 ut
974 1907 1105 1970 Christus
1118 1909 1215 1984 ipsum
1228 1904 1294 1969 uere

123 2011 154 2068 in
168 2013 213 2070 sui
227 2013 403 2087 agnitionem
424 2013 546 2074 educere
567 2013 714 2087 dignetur,
739 2013 857 2088 insuper
871 2029 993 2089 rogans,
1019 2031 1057 2075 ne
1072 2015 1183 2076 domini
1197 2014 1291 2074 existi·

123 2120 211 2190 ment,
227 2115 315 2176 filiam
330 2123 360 2179 et
374 2135 502 2179 sororem
518 2113 644 2190 ipsorum
658 2117 799 2178 illustrem
814 2118 956 2179 dominam
972 2117 1158 2180 Oatbarn'nam
1173 2119 1291 2180 abHen·

123 2218 233 2294 neberg
247 2221 418 2282 comitissam
438 2223 469 2281 in
483 2223 701 2297 Schwartaburg
716 2229 770 2282 etc.
790 2223 920 2298 viduam,
943 2224 1144 2285 'charissimam
1168 2230 1293 2286 nostrum

124 2339 236 2383 socrum
251 2325 320 2384 nihil
336 2325 373 2385 ob
389 2342 487 2386 eorum
501 2327 609 2403 scripta
624 2329 703 2403 opud
716 2345 762 2387 me
777 2329 929 2404 institisse,
950 2346 1014 2403 quae
1030 2332 1137 2406 omnia,
1158 2332 1192 2391 in
1206 2347 1291 2406 quan·

124 2434 185 2489 tum
199 2435 346 2490 maternus
361 2447 441 2490 annor
456 2435 605 2508 permittit,
622 2435 765 2507 praestitit.

214 2535 352 2611 Suscepto
365 2537 455 2611 igitur
470 2540 654 2597 excusatione
672 2543 773 2599 nostra
786 2540 995 2600 illustrissimus
1017 2543 1151 2617 princeps
1167 2542 1291 2603 ‚loannes

124 2639 286 2700 Fridcricas
316 2641 373 2700 dux
401 2642 534 2702 Saxonis
562 2643 669 2703 elector
690 2649 745 2702 etc.
780 2645 913 2719 proxima
934 2647 1095 2720 septimana
1116 2654 1185 2720 poet
1207 2647 1292 2708 domi·

125 2746 218 2803 nicam
241 2745 357 2807 Laetare
380 2746 467 2818 hujus
499 2748 581 2805 1553
609 2750 676 2807 anni
697 2750 890 2808 venerandum
915 2751 1008 2809 rmum
1034 2751 1182 2811 dominnm
1209 2753 1295 2812 Joan-

125 2864 190 2908 nem
212 2849 361 2908 Brentinm
380 2851 490 2911 aWila
509 2850 589 2910 verbi
605 2852 694 2910 divini
708 2869 869 2927 praeconem
883 2858 914 2914 in
935 2855 1012 2914 Hals
1033 2855 1208 2933 Sueuornm,
1230 2859 1293 2917 item

125 2954 293 3027 magistrum
314 2954 457 3013 loannem
473 2954 611 3014 Stotzium
635 2958 865 3019 concionatorem
888 2976 970 3019 suum
990 2961 1115 3020 aulicum
1129 2969 1159 3021 et
1174 2963 1294 3023 nobilem

125 3056 303 3118 Fridericum
324 3077 342 3118 a
361 3060 570 3134 Wangenheim
590 3062 656 3122 huic
675 3064 826 3138 legationi,
852 3071 885 3124 ut
905 3068 1044 3126 votitam
1068 3069 1163 3126 sancti
1182 3084 1293 3142 compos

127 3163 305 3240 redderetur,
321 3165 465 3240 piissimus
480 3168 613 3242 princeps
628 3168 758 3243 praefecit
772 3177 801 3230 et
816 3170 967 3245 ablegavit.
