2678 4546
616 47 679 115 183

58 236 150 305 petua
165 235 242 289 sunt
280 227 392 288 Deinde
412 230 559 303 digressus
580 229 727 288 hlusculus
748 229 787 289 ml
801 229 876 291 hanc
895 233 1065 291 sententiam
1081 220 1232 293 enuclean-

59 336 141 395 dam:
164 335 240 408 Quia
255 351 313 395 non
326 340 469 393 noremnt
483 350 528 393 me
543 350 636 406 neque
651 351 715 392 eum
730 336 780 409 qui
795 337 872 394 misit
886 354 931 396 me
946 343 1000 396 etc.
1031 339 1086 396 Hic
1102 338 1230 411 disputa·

58 440 110 499 hat
124 441 175 514 qni
189 438 286 513 ficret,
302 445 335 499 ut
350 439 480 498 Christus
495 438 615 497 diceret:
638 440 705 498 Non
721 449 915 513 cognoverunt
937 458 1001 500 eum
1022 443 1069 514 qni
1085 444 1162 501 misit
1176 460 1231 516 mc,

59 561 128 602 num
148 542 246 603 Jndaei
274 560 333 601 non
354 543 562 617 agnovissent?
600 543 661 602 lmo
684 550 865 616 agnoverunt
884 544 986 604 Deum.
1024 547 1099 605 Nam
1114 553 1144 606 et
1157 552 1231 606 teste

58 648 150 707 Panlo
166 651 275 708 ethnici
290 648 336 708 (lei
351 649 481 707 notitiam
496 648 669 707 habuerunt.

147 754 203 811 His
216 753 302 828 adde,
325 752 401 826 qnod
416 752 512 811 Judaei
535 753 627 825 legem
642 751 804 811 hahuerunt
820 760 849 812 ct
863 751 1028 825 prophetas.
1067 756 1122 814 Hie
1136 761 1231 815 autem

57 859 201 931 triplicem
216 874 280 916 esse
294 859 487 930 cognitionem
503 857 552 937 dei
574 856 679 916 docuit.
719 857 844 915 Primam
860 873 1016 930 agnoscere
1033 860 1131 933 deum,
1155 859 1231 933 quod

57 967 172 1023 creator
187 963 254 1021 coeli
268 968 298 1021 et
312 968 399 1022 terrae
414 962 461 1033 sit
478 962 574 1019 omnia
588 978 676 1034 agens
693 967 721 1019 et
735 960 845 1034 fovens,
868 968 898 1020 et
917 964 983 1020 talis
998 964 1122 1036 cognitio
1137 965 1231 1037 genti·

57 1067 111 1127 bus
127 1082 242 1141 quoquc
257 1066 468 1138 quodammodo
486 1067 589 1139 inerat,
605 1067 728 1124 maxime
743 1072 839 1123 antem
849 1065 969 1124 ludaeis.
994 1066 1077 1138 Quod
1092 1082 1161 1127 vero
1178 1066 1232 1127 deo

57 1173 184 1231 creatori
205 1186 258 1228 suo
279 1169 396 1229 obedire
416 1174 445 1228 et
464 1170 582 1229 credere
601 1171 632 1228 in
652 1168 797 1227 Christum
818 1169 874 1227 illis
898 1187 916 1228 a
939 1169 993 1228 deo
1014 1177 1097 1243 patre
1117 1160 1253 1230 missum¹

57 1276 202 1335 voluerint
216 1291 251 1334 ac
265 1274 320 1332 hoc
336 1275 466 1333 institut-o
482 1274 645 1347 longissime
661 1274 790 1349 aberant,
807 1276 881 1332 sieut
896 1276 1005 1333 Paulus
1021 1278 1076 1334 ait:
1095 1276 1152 1334 Ore
1167 1277 1229 1349 qni·

58 1380 122 1439 dem
137 1377 320 1452 confitentur,
336 1378 388 1436 sed
403 1377 487 1436 laetis
503 1386 620 1452 negant.
643 1379 775 1451 Exempli
791 1379 894 1452 gratia,
911 1380 936 1436 si
948 1380 1155 1453 paterfamilias
1170 1396 1230 1439 ser-

57 1501 121 1554 rum
137 1483 282 1556 quendam
296 1484 410 1555 haheat,
427 1485 477 1555 qni
490 1484 591 1542 herum
603 1501 685 1542 snum
696 1488 917 1556 praetereuntem
935 1492 1105 1557 agnosceret
1120 1484 1230 1544 dicens:

60 1589 116 1663 Iste
132 1594 178 1647 est
192 1586 281 1646 herus
295 1604 384 1646 meus.
423 1587 481 1647 Ubi
502 1594 598 1646 autem
618 1587 823 1661 paterfamilias
843 1589 991 1660 quippiam
1008 1587 1170 1647 faciendum
1185 1592 1230 1646 in·

55 1693 204 1767 jungeret,
229 1697 259 1751 et
281 1694 306 1751 is
327 1698 493 1764 contempto
513 1693 583 1750 hero
600 1694 682 1765 Jussa
696 1693 796 1751 abnuit
816 1699 843 1749 ot
859 1698 1033 1764 praeceptum
1049 1694 1110 1766 ejus
1125 1709 1231 1765 susque

60 1797 151 1871 deque
165 1794 280 1870 iecerit,
296 1814 392 1855 noune
407 1797 473 1855 huic
487 1798 574 1855 herus
590 1797 717 1856 dictums
729 1801 786 1853 est:
804 1797 853 1853 Vis
870 1794 983 1868 quidem
1000 1798 1091 1856 videri
1108 1796 1231 1856 famulus

59 1884 144 1976 mens,
162 1908 193 1961 at
208 1918 244 1960 ca
259 1918 324 1974 quae
336 1902 425 1973 jubeo
440 1899 535 1960 facere
550 1903 658 1972 renuis,
682 1900 811 1972 proiecto
828 1916 880 1957 nec
894 1917 939 1956 me
956 1900 1055 1958 herum
1071 1907 1152 1958 tunm
1167 1919 1231 1961 esse

62 2007 212 2079 agnoscis„
227 2007 308 2064 Talis
324 2007 437 2079 quidem
453 2023 499 2064 res
515 2007 607 2078 prima
619 2004 664 2062 dei
690 2006 798 2078 agnitio
814 2010 866 2062 est.
890 2005 991 2063 Altera
1007 2012 1050 2063 est
1067 2007 1141 2078 quod
1159 2007 1230 2065 deus

61 2111 174 2184 quidem
188 2112 355 2183 agnoscitur
370 2127 433 2168 esse
448 2111 635 2183 omnipotens,
651 2109 752 2182 honus,
775 2110 935 2166 misericors
952 2117 981 2167 et
993 2111 1088 2181 justus
1103 2116 1132 2168 et
1148 2111 1230 2169 Chri·

60 2216 271 2289 sanquinem
290 2217 407 2273 missum
429 2232 447 2274 a
470 2216 541 2288 deo,
570 2231 669 2272 verum
692 2214 769 2286 quod
792 2230 876 2272 verus
897 2214 967 2272 dens
988 2222 1019 2273 et
1040 2217 1124 2274 homo
1148 2215 1230 2274 nohis

60 2321 169 2381 tenerit
190 2321 222 2377 in
236 2302 375 2378 mundum
392 2324 421 2377 et
436 2320 513 2391 quod
528 2319 610 2377 nobis
626 2320 718 2392 nasci,
743 2320 854 2391 rivere,
876 2321 950 2393 pati,
971 2321 1042 2377 mori
1063 2321 1186 2393 denique
1201 2327 1231 2379 et

59 2440 213 2498 resurgere
228 2423 361 2497 voluerit,
378 2440 434 2496 quo
450 2440 502 2480 nos
517 2439 570 2496 per
583 2427 704 2480 mortem
725 2425 786 2496 ejus
807 2424 895 2482 s0Hns
910 2425 997 2481 vitam
1012 2400 1149 2482 aternam
1164 2442 1230 2484 con·

59 2546 228 2603 sequamur,
249 2545 309 2586 non
328 2528 447 2587 credere
468 2532 498 2585 et
521 2528 592 2585 alios
615 2528 803 2600 opitulatores
830 2535 859 2586 et
880 2529 956 2586 bona
979 2545 1067 2598 opera
1089 2545 1228 2600 quaerere.

59 2634 118 2693 Noc
130 2635 196 2693 hec
211 2649 327 2706 quoque
341 2638 421 2690 recta
437 2633 482 2691 dei
498 2633 606 2705 agnitio
622 2638 674 2690 est.
717 2631 764 2689 Sic
780 2631 854 2688 enim
870 2631 973 2705 Judaei,
989 2633 1184 2690 Mahometani
1200 2641 1230 2690 et

60 2740 239 2811 specietenus
262 2736 418 2795 Christiani
441 2741 601 2809 quaerentes
618 2735 704 2794 deum
727 2743 758 2796 ot
778 2741 980 2809 agnoscentes,
1002 2754 1058 2794 non
1079 2737 1229 2795 credentes

59 2842 88 2901 in
101 2842 249 2911 Cirristum
263 2843 395 2914 missum,
419 2848 448 2900 et
469 2842 526 2898 illis
540 2842 632 2913 ipsum
655 2843 684 2898 in
699 2843 869 2900 salvatorem
886 2858 919 2899 ac
934 2842 1150 2914 propitiatorem
1168 2843 1229 2899 uni·

60 2962 119 3006 cnm
134 2947 238 3007 datum
251 2944 362 3004 frustra
377 2947 547 3020 gloriantur,
580 2946 711 3004 sedeam
727 2953 854 3005 etnosse
870 2953 1019 3005 stamare.
1057 2948 1097 3005 Et
1112 2948 1229 3018 quicun-

58 3067 112 3125 que
126 3050 275 3111 Christum
289 3067 308 3109 a
322 3057 420 3124 patre,
444 3053 518 3111 sicut
532 3051 638 3109 dictum
654 3056 710 3123 est,
727 3053 857 3123 missum,
874 3067 933 3108 non
948 3058 1116 3132 agnoscunt,
1133 3053 1161 3109 hi
1177 3069 1229 3111 nec

58 3156 141 3221 deum
155 3160 271 3229 patrem
286 3157 372 3215 etiam
387 3157 448 3228 ipso
467 3156 580 3214 Christo
595 3161 668 3214 teste
684 3160 851 3229 agnoscunt.
890 3155 989 3213 Tertia
1005 3161 1100 3213 autom
1116 3161 1146 3214 et
1160 3173 1228 3215 vera

57 3259 102 3319 clei
115 3260 247 3333 cognitio
262 3260 324 3317 haec
339 3265 391 3331 est,
415 3261 488 3319 seire
511 3260 595 3318 deum
616 3266 726 3332 pat-rem
748 3276 783 3316 ex
798 3260 936 3317 immensa
958 3277 1010 3317 sua
1025 3261 1166 3317 charitate
1179 3259 1229 3317 Je-

57 3380 118 3424 mm
140 3363 289 3423 Christum
313 3361 402 3422 filium
427 3381 510 3422 suum
537 3365 651 3422 unicum
677 3365 708 3421 in
730 3365 806 3420 hunc
826 3363 961 3420 mundum
983 3365 1106 3436 misisse,
1131 3370 1163 3422 ut
1178 3380 1229 3436 per

56 3470 149 3545 mum
166 3472 198 3528 et
210 3469 242 3527 in
256 3485 308 3528 suo
323 3476 505 3527 sacrosancto
521 3471 660 3541 sanguine
675 3469 830 3527 liberemur
844 3485 862 3525 a
876 3474 983 3541 morte,
1004 3469 1117 3527 diaholo
1141 3474 1170 3526 et
1183 3470 1227 3526 in·

56 3572 154 3647 ierne,
178 3589 214 3632 ac
227 3575 384 3647 momnis,
410 3574 459 3646 qui
479 3573 572 3632 credit
590 3576 620 3632 in
642 3591 720 3646 eum,
744 3589 801 3630 non
817 3579 932 3645 pereat,
956 3572 1007 3631 sed
1022 3573 1127 3631 habeat
1142 3574 1228 3632 vitam

57 3684 204 3739 urrant.
259 3677 302 3736 Ac
322 3677 443 3737 eundem
463 3683 573 3751 patrem
594 3678 700 3736 dixisse
723 3678 966 3750 praecepisseque,
992 3684 1024 3735 ut
1045 3677 1121 3735 hunc
1135 3679 1228 3747 ipsum

58 3780 203 3843 christum
216 3775 391 3841 animemus.
419 3783 459 3841 Et
473 3782 527 3842 hoc
541 3787 594 3855 est,
611 3782 687 3855 qnod
703 3781 832 3839 Christus
847 3782 899 3840 ait:
929 3782 1001 3853 Quia
1016 3798 1074 3840 non
1088 3795 1228 3852 cognove-

58 3895 124 3949 mut
143 3905 227 3961 oum,
250 3887 302 3959 qui
321 3888 399 3945 misit
418 3903 472 3946 me.
511 3888 582 3945 Haec
607 3893 703 3944 autem
727 3885 851 3959 cognitio
877 3903 912 3943 ex
936 3885 1089 3957 largitione
1111 3884 1228 3957 spiritus

59 3996 145 4055 meti
159 3999 222 4065 ete
238 3993 372 4065 supernis
387 3994 474 4050 venit.
512 3992 591 4050 Sient
607 3991 736 4049 Christus
756 3990 795 4048 ad
814 3999 924 4066 patrem
939 3991 1032 4061 ipsum
1047 3984 1228 4053 confitentem

60 4094 143 4157 filium
159 4097 280 4159 deicit:
304 4096 411 4157 Beatus
435 4114 465 4155 es
482 4097 578 4156 Simon
596 4097 651 4155 Bar
666 4096 749 4170 Jona,
771 4097 838 4168 quia
854 4111 920 4152 caro
937 4099 965 4150 et
980 4094 1096 4164 sanguis
1111 4109 1169 4151 non
1184 4109 1228 4153 re-
