2678 4546
666 70 710 137 le

105 253 210 313 labeus
356 268 460 313 nevam
478 254 658 313 brachiorum
681 264 709 311 et
725 272 848 319 murum
871 254 938 313 lieet
959 252 1046 315 loeies
1061 256 1187 315 inolidum
1202 260 1273 319 sou's

104 368 175 419 esset
187 362 311 435 mugra

186 466 212 525 0
227 466 351 539 domine,
368 482 435 525 ossa
447 466 595 527 humilium
606 468 643 527 dn
652 468 790 529 exultent.
807 482 880 539 pone
895 466 1053 527 eustadium
1062 470 1107 525 ori
1119 486 1183 529 mee
1198 480 1228 529 et
1243 472 1272 529 iu

101 576 222 632 veritate
238 572 331 631 dedus
346 588 401 630 me.

186 678 238 735 xix
251 676 360 749 Aprilis
384 678 450 736 dnm
465 676 667 737 wandelinus.
691 678 825 737 Liberius
845 686 874 735 et
888 680 984 737 emtori
1009 680 1036 737 io
1060 680 1183 739 medum
1203 680 1273 753 quill

98 800 172 858 opus
186 780 514 855 momenmentum,
536 790 677 857 oportune
701 784 906 857 Burakhonlus
926 786 1042 843 umidus
1062 794 1159 843 noster
1183 788 1271 859 veuit,

98 890 197 947 literas
222 906 241 948 a
263 888 381 946 domiuo
398 896 505 951 matre.
526 891 664 947 uxorema
687 900 716 947 et
736 891 884 949 sororibus
899 892 962 961 ejus
985 906 1037 947 eree
1054 906 1110 947 riou
1126 908 1144 947 a
1158 888 1274 949 Joaune

96 992 236 1053 Galama
257 1002 289 1051 et
302 993 469 1053 Hermanno
485 994 578 1053 Nellio
595 996 736 1067 Sperante
751 996 789 1053 ad
805 1016 857 1055 llus
872 1014 887 1053 e
910 1000 1004 1069 patria
1020 992 1160 1053 deterens.
1203 996 1272 1053 leun

97 1100 199 1157 literas
215 1100 331 1156 comitis
343 1098 502 1183 Reinlrordi
517 1117 535 1157 a
550 1100 643 1157 Solum
658 1102 696 1159 ad
711 1118 763 1159 uos
778 1118 860 1165 mus.
875 1102 911 1159 ad
928 1102 1014 1159 tilium
1033 1100 1186 1158 Ernestmu
1202 1118 1273 1159 uisas

95 1212 124 1263 et
138 1204 180 1264 ud
192 1204 321 1277 Viglium
336 1203 452 1262 alteras.
496 1204 564 1263 Item
582 1205 757 1264 Elitubethm
779 1206 898 1265 ‹lueis-ee
913 1206 949 1265 de
975 1206 1160 1279 Brmisehwip
1175 1216 1204 1265 et
1218 1206 1269 1265 de-

95 1311 181 1369 minae
196 1309 236 1367 de
249 1308 426 1382 Henneberg
439 1316 469 1367 et
482 1312 594 1367 comitis
609 1310 754 1385 Popponis
768 1314 877 1385 scripta
891 1310 930 1369 ml
946 1312 1140 1371 llareuiouem
1158 1312 1270 1371 Eleate·

96 1432 166 1474 rem
190 1413 281 1472 Domi
295 1415 393 1473 omnia
406 1416 493 1473 selva
519 1415 580 1473 lieo
591 1426 650 1489 opt.
667 1433 741 1475 mar.
758 1420 948 1489 sempiternus
964 1418 1056 1476 hortos
1072 1418 1109 1473 sit
1124 1424 1153 1475 et
1168 1416 1268 1487 gloria.

95 1521 282 1605 deceperunt
296 1536 411 1592 quoque
427 1520 541 1579 Samuel
557 1538 575 1577 a
590 1532 681 1595 patre.
698 1522 802 1581 iratres
818 1540 836 1581 a
851 1532 941 1581 inalre
956 1522 1076 1581 litteras.

185 1624 298 1683 Eadem
322 1626 420 1683 eomifi
440 1625 564 1684 Ernesto
587 1634 722 1699 paternus
744 1628 856 1687 litteras
879 1628 990 1701 ipsimet
1013 1626 1198 1699 reddidimus,
1219 1628 1269 1701 eui

96 1731 319 1789 Atrebatemem
342 1730 506 1803 alloquutus
529 1730 638 1795 fuerat.
663 1742 797 1807 rogantes
818 1734 906 1807 igitur
927 1734 1035 1805 ipsura.
1060 1742 1091 1791 ut
1114 1734 1205 1791 riustri
1220 1732 1270 1791 ali·

92 1852 196 1951 enam,
213 1837 240 1893 si
253 1834 330 1894 forte
344 1838 387 1893 sie
401 1852 493 1893 sermo
508 1834 607 1909 ferret,
622 1840 795 1897 mentionem
810 1838 888 1913 apud
903 1838 1025 1897 emidem
1041 1836 1158 1895 lite-eret.

186 1941 248 1999 Per
261 1940 410 1999 liborium
425 1942 518 2015 Viglio
533 1943 625 2000 litera
640 1943 799 2001 lleiuliurdi
813 1944 924 2001 comitis
948 1940 1031 1999 reddi
1054 1942 1205 2011 debebunt,
1221 1940 1273 2001 sed

95 2046 209 2106 Doctor
225 2048 337 2105 exierat
350 2044 438 2105 foras.
477 2045 615 2105 Comitem
630 2064 648 2105 a
662 2048 775 2106 Nassau
798 2050 827 2106 iu
850 2048 973 2121 hospitio
995 2064 1047 2105 suo
1063 2048 1272 2119 quaerebamus,

95 2167 198 2210 rerum
212 2151 249 2223 is,
264 2156 297 2209 ut
311 2156 413 2225 postea
427 2154 632 2225 conperimus,
653 2152 813 2212 auditorem
828 2154 888 2225 agit
905 2155 933 2211 iu
958 2168 1044 2211 eausa
1059 2152 1139 2211 elue-is
1156 2152 1273 2211 lleuriei

94 2262 123 2317 et
138 2255 381 2315 Goslariensium.

185 2364 222 2421 In
238 2362 339 2421 eodem
353 2362 456 2421 itinere
471 2363 592 2421 domimo
607 2366 729 2439 principi
752 2362 941 2438 {assignarim
962 2362 1056 2421 fausta
1075 2362 1185 2435 pru-eu
1206 2360 1272 2421 dein

92 2467 255 2542 hospitium
270 2468 389 2527 Ernesti
401 2468 482 2527 (lueis
496 2467 749 2541 frequentavimus.

185 2573 214 2631 A
228 2574 351 2645 prandio
365 2590 449 2632 omne
458 2574 684 2647 pomeridianum
699 2580 811 2645 terripus
826 2573 985 2632 scribendis
1000 2571 1091 2629 literis
1101 2570 1138 2629 ud
1148 2586 1271 2643 suenum,

92 2680 266 2738 uxorculam
285 2677 411 2737 Nellium
433 2680 642 2754 insumpsimus.
692 2679 795 2738 Frater
809 2678 937 2739 Joannes
962 2674 1040 2751 apud
1063 2674 1162 2735 eluiem
1181 2676 1271 2735 lirae·

94 2790 172 2845 emm
187 2800 314 2859 pransus
329 2790 381 2843 est.

188 2889 326 2950 Statinae
341 2889 461 2963 prandio
477 2892 610 2949 ostiarius
625 2906 745 2950 coutens
761 2890 871 2949 eoiieilii
895 2890 1048 2963 imperialis
1072 2888 1168 2949 utllilit
1189 2890 1271 2963 jussu

95 2996 211 3055 aoncilii
227 2998 367 3069 seriptum
381 2995 531 3056 Reinberti
545 2997 620 3055 illius
638 2996 881 3057 l‘mlerborueumis
897 2997 1032 3069 episi-opi,
1049 2997 1077 3051 iu
1094 3012 1151 3067 quo
1166 3010 1270 3067 aeguu-

95 3104 158 3161 lum
174 3101 351 3174 Philippum,
367 3118 518 3160 novercam
534 3108 563 3160 et
578 3118 630 3160 nos
646 3102 722 3175 apud
737 3118 890 3159 cesaream
907 3102 1084 3173 iiieejeetuteui
1100 3099 1210 3159 detulit.

187 3206 305 3265 Samuel
324 3205 402 3279 apud
421 3207 576 3265 Ernestum
598 3207 633 3265 do
655 3207 746 3265 Solum
767 3210 897 3265 eleuauit.
947 3206 1007 3263 llee
1030 3204 1075 3261 die
1098 3204 1127 3261 iu
1149 3204 1272 3275 ieepetlls

98 3313 205 3370 nostris
223 3310 295 3369 nihil
310 3318 471 3383 promotum
487 3317 539 3369 est,
563 3312 640 3371 Noto
655 3312 690 3369 de
706 3328 792 3371 (tanea
807 3310 973 3371 lleieusium
990 3310 1131 3367 (teilllilllul.

186 3416 302 3475 Eadem
318 3416 461 3475 Adrianus
483 3434 500 3475 o
516 3416 637 3475 Zertzeu
660 3416 817 3475 iiiarehieui
833 3416 950 3475 electori
966 3416 1064 3474 literas
1080 3414 1186 3473 setosis
1202 3430 1271 3475 suae

100 3526 126 3580 u
139 3521 324 3581 dominorum
339 3536 357 3579 a
372 3522 545 3594 Henneberg
559 3522 649 3579 nostri
665 3525 777 3581 noitiine
793 3521 904 3579 obtulit.

187 3627 300 3685 Eadem
312 3628 483 3700 intempesta
495 3633 576 3685 noete
585 3626 748 3685 sodalitium
759 3626 851 3685 lurum
867 3630 1031 3695 appetituum
1047 3624 1272 3699 sutpipielleetlleru

100 3716 231 3792 liauritii
251 3731 384 3791 electoris
398 3732 527 3791 cribrare
547 3730 689 3805 volebant,
713 3748 747 3791 ee
764 3733 862 3791 iberus
878 3731 993 3805 (puidam
1009 3732 1038 3789 lu
1054 3732 1115 3805 ipso
1133 3730 1208 3787 laete
1223 3728 1272 3787 de·

101 3837 259 3907 prehensus
275 3842 328 3895 est.

186 3944 228 4002 At
243 3958 306 4017 ege,
329 3943 451 4015 domine,
472 3957 547 4015 poue
563 3956 650 4013 super
665 3956 714 3999 eos
733 3942 943 4015 legislatorem,
965 3942 1057 3997 ecsieut
1080 3936 1271 4009 eurimedusae

101 4042 229 4108 leminea
250 4049 310 4108 sint
330 4064 382 4120 per
402 4063 513 4106 saonam
527 4053 605 4105 tuom
630 4048 784 4105 eutostesiu.
834 4048 953 4107 vetitiae
974 4046 1053 4113 lesse,
1079 4040 1192 4099 feretum
1214 4049 1271 4101 tum

101 4148 262 4217 insessa
278 4159 308 4212 et
328 4152 396 4212 filia
418 4168 454 4213 ae
467 4152 567 4213 matris
582 4153 644 4225 ejus
667 4158 818 4213 memento.

1006 4258 1025 4317 2
1041 4252 1057 4289 ἡ*
