2678 4546
677 39 745 115 244

129 218 190 279 fere
205 218 258 278 sub
274 223 386 279 noctem
401 233 466 277 cum
480 213 540 276 filia
553 215 677 276 Aemilia
687 213 915 277 Granichieldam
930 215 1160 294 adWalpurgim
1174 231 1316 279 sororem

131 342 211 384 suam
227 325 307 385 abiit.
1122 305 1124 309 ⁵

103 462 128 501 g
219 428 342 489 Gothum
361 427 415 487 sub
437 429 584 502 septimam
607 428 699 489 noctis
721 429 903 501 pervenimus
927 428 1064 504 hospitati
1085 428 1117 487 in
1139 426 1253 489 fumoso
1273 432 1301 488 et

129 535 235 595 rustico
250 535 383 608 hospitio.
407 533 509 622 Gothae
525 533 613 619 Ottho
629 551 647 592 a
662 533 773 593 Sebach
787 534 879 592 Annae
894 524 985 594 frater
999 532 1111 594 aderat.

218 659 257 701 xx
271 642 341 700 Julii
361 634 462 700 Gothae
489 641 520 710 in
544 640 673 708 coenobio
693 625 947 714 Augustinensium
974 639 1130 713 quondan,
1163 639 1214 712 qui
1236 639 1296 700 olim

129 746 257 821 ejusdem
271 745 395 806 coenobii
409 745 564 805 monachus
579 743 684 819 fuerat,
701 761 737 803 eu
751 760 813 817 cap.
833 748 871 802 17
888 746 987 805 Actor.
1003 745 1166 804 audivimus
1182 743 1220 804 de
1234 760 1294 818 pro

130 848 252 910 sectione
267 852 351 910 Pauli
366 856 396 910 et
410 851 477 910 Silae
494 868 529 909 ex
551 850 692 924 Philippis
715 851 745 908 in
760 850 984 910 Thessalonicen
1003 855 1034 909 et
1047 852 1112 924 quse
1131 851 1172 909 sit
1186 848 1296 910 fortuna

129 954 324 1029 profitentium
344 957 508 1031 veritatem,
534 962 564 1015 et
577 972 641 1028 quae
656 953 745 1015 suerit
759 957 921 1015 constantia
934 957 1034 1030 Pauli,
1059 956 1108 1029 qui
1128 972 1186 1015 nec
1206 955 1296 1035 veleb

128 1061 230 1135 plagas
245 1062 291 1121 vel
304 1055 424 1136 injurias
440 1061 581 1137 Philippis
601 1066 734 1134 acceptas
753 1077 772 1120 a
786 1067 867 1121 recto
882 1060 1031 1121 discedere
1054 1065 1105 1120 aut
1118 1060 1296 1135 praedicatio·¹

129 1182 195 1225 nem
210 1168 350 1240 evangelii
364 1167 526 1239 relinquere
540 1167 671 1226 voluerit.
709 1168 781 1226 Item
797 1167 899 1240 quibus
919 1167 1057 1228 derebus
1079 1171 1109 1226 et
1123 1168 1228 1239 quanti
1242 1180 1295 1226 mo

129 1273 218 1331 menti
233 1288 269 1331 ea
282 1270 406 1345 fuerint,
428 1287 492 1344 quae
507 1271 613 1330 Paulus
633 1271 710 1344 apud
725 1272 993 1332 Thessalonicenses
1015 1275 1127 1334 locutus
1144 1273 1191 1332 sit.
1231 1271 1296 1331 Item

130 1377 208 1452 quod
224 1377 289 1435 duae
306 1392 354 1435 res
368 1360 478 1437 Judaeis
500 1377 677 1452 obstiterint,
700 1378 850 1450 quominus
865 1371 951 1436 fidem
967 1379 1066 1439 christi
1081 1381 1235 1452 acceptare
1249 1391 1296 1452 po

129 1484 250 1557 tuerint,
267 1499 325 1541 una
341 1483 418 1555 quod
433 1483 562 1557 neglecto
578 1483 684 1542 christo
705 1499 757 1555 per
778 1498 867 1556 opera
885 1483 957 1557 legis
977 1489 1007 1544 et
1025 1499 1078 1542 sua
1097 1482 1254 1542 sedulitate
1272 1483 1298 1540 et

129 1589 237 1667 meritis
248 1604 279 1647 se
289 1604 374 1662 posse
384 1588 489 1647 salvari
503 1587 558 1646 sibi
568 1588 638 1662 ipsis
647 1605 815 1662 persuasum
824 1587 977 1662 haberent;
993 1588 1088 1648 altera
1097 1587 1177 1663 qnod
1192 1586 1295 1658 christi,

129 1695 179 1766 qui
193 1709 279 1752 verus
294 1700 357 1753 erat
372 1698 402 1753 ei
416 1699 460 1753 est
474 1693 610 1768 Messias,
634 1693 766 1753 dominns
782 1699 820 1761 ¹et
832 1709 892 1759 ‚rex
906 1690 1016 1768 'inferni
1031 1692 1134 1751 mortis
1149 1697 1180 1752 et
1194 1689 1297 1752 diaboli

128 1814 181 1870 pro
197 1798 278 1858 nobis
295 1799 414 1872 devicti,
436 1813 557 1872 regnum
571 1802 718 1857 terrenum
733 1800 924 1872 quaesierunt,
950 1804 980 1857 ct
993 1798 1041 1856 hic
1055 1802 1157 1858 nosne
1171 1803 1297 1870 tempora

127 1903 165 1963 ad
179 1904 328 1977 praeterita
342 1903 508 1963 Judaeorum
524 1904 652 1963 contulit.
685 1902 922 1978 conquerebatur
937 1919 1051 1977 quoque
1066 1905 1183 1963 nostros
1197 1900 1294 1961 adver·

127 2009 219 2067 serios
242 2025 328 2082 quam
347 2010 512 2084 longissime
533 2009 863 2069 aThessalouicensium
884 2009 1014 2081 exemplo
1037 2009 1149 2080 abesse,
1174 2022 1239 2066 cnm
1252 2003 1295 2064 isti

127 2113 164 2187 vi,
181 2113 323 2187 quaeipsis
333 2114 434 2188 pulcra
444 2114 587 2188 videntur,
604 2114 686 2173 uobis
696 2113 852 2174 obtrudere
861 2117 1004 2189 satagunt.
1029 2111 1295 2173 Thessalonicenses

127 2232 196 2276 vero
219 2218 379 2278 scrutandis
395 2219 561 2292 scripturus,
585 2235 623 2277 an
638 2219 699 2277 haec
712 2220 756 2278 ita
771 2235 801 2279 se
816 2218 972 2293 haberent,
997 2197 1061 2293 quac
1076 2234 1095 2277 a
1117 2214 1295 2292 praeconibue

127 2322 256 2381 remmus
271 2324 454 2398 audiverant,
480 2323 593 2383 veritati
609 2323 785 2383 assenserint
807 2329 860 2383 etc.
906 2325 968 2384 Nec
992 2324 1098 2384 oblitus
1112 2321 1169 2383 fuit
1186 2327 1248 2382 tum
1270 2324 1295 2379 et

126 2428 274 2488 honestam
285 2429 456 2492 mentionem
471 2433 501 2488 et
514 2429 639 2489 debitam
650 2429 883 2488 intercessionem
897 2446 950 2503 pro
962 2429 1170 2504 gloriosissimo
1185 2429 1294 2488 Joanne

129 2534 254 2593 electore
270 2540 324 2594 etc.
340 2532 444 2594 facere.

216 2638 292 2699 Dein
307 2645 420 2714 sumpto
438 2639 585 2712 jentaculo
601 2637 823 2711 Greutubergam
846 2638 989 2697 tendimus
1004 2639 1057 2698 sub
1073 2636 1231 2699 secundam
1247 2652 1293 2710 po·

126 2745 315 2804 meridianam
330 2761 364 2806 eo
379 2747 588 2819 pervenientes.
628 2742 768 2818 Georgius
784 2759 803 2802 a
817 2742 947 2804 Horstall
965 2744 1131 2817 capitaneus
1151 2744 1228 2803 arcis
1242 2755 1294 2801 non

128 2848 240 2908 aderat.

218 2953 363 3027 Comperti
381 2971 477 3013 sumus
491 2954 632 3014 Jodocum
652 2955 801 3015 Schonhar
817 2953 1044 3015 Corbachianum
1064 2955 1182 3029 nuptias
1202 2954 1232 3013 in
1247 2968 1293 3012 no·

128 3064 188 3118 stro
216 3057 339 3132 hospitio
364 3060 497 3119 habuisse
526 3077 560 3119 ac
588 3061 703 3120 viduam
731 3061 900 3119 mercatoris
931 3059 1038 3120 ibidem
1063 3061 1095 3118 iu
1123 3057 1295 3132 Crentzberg

129 3163 252 3223 duxisse.
290 3166 349 3239 Ipsi
364 3182 477 3239 quoque
492 3166 568 3225 hunc
587 3166 728 3226 hominem
743 3172 772 3225 et
787 3163 908 3224 vidimus
928 3169 958 3224 et
980 3165 1117 3225 nonnulla
1132 3165 1170 3226 ab
1185 3179 1220 3224 eo
1234 3163 1296 3224 emi·

127 3286 198 3328 mus.

215 3374 243 3432 A
258 3391 341 3436 coena
356 3377 386 3435 in
400 3377 498 3436 hortos
514 3392 579 3435 suos
589 3377 701 3437 Werrae
716 3374 826 3434 flumini
841 3371 1007 3447 adjacentes
1022 3377 1052 3433 et
1067 3375 1172 3434 vinetis
1187 3373 1294 3434 arbori·

126 3478 180 3538 bus
195 3479 262 3538 mali
277 3486 306 3539 et
320 3482 412 3540 cerasi
434 3482 561 3554 undique
583 3482 707 3541 consitos
730 3478 834 3552 hospes
854 3494 972 3538 uxorem
996 3483 1125 3538 nostram
1140 3485 1171 3539 et
1185 3497 1238 3542 uos
1253 3494 1295 3539 oe

126 3590 205 3644 teros
221 3583 348 3645 deduxit.

216 3691 311 3750 Umas
348 3697 413 3753 octo
449 3708 590 3751 mensurae
622 3690 872 3764 Creutnbergensis
910 3705 974 3748 cnm
1009 3704 1077 3749 vase
1108 3690 1187 3764 eius,
1224 3685 1297 3764 quod

126 3796 169 3854 illi
192 3797 325 3870 provenit
344 3798 417 3870 viui,
448 3814 502 3871 pro
532 3812 635 3856 novem
658 3795 778 3854 thaleris
801 3796 895 3854 minus
921 3793 1085 3869 quindecim
1110 3795 1205 3857 batzis
1231 3794 1296 3855 emi·

127 3916 198 3958 mus.

216 4005 361 4080 Hospitati
380 4003 484 4065 fuimus
504 4004 705 4080 Creutzbergae
727 4002 805 4079 apud
825 4007 970 4067 consulem
984 4006 1141 4081 loannem,
1156 4004 1297 4066 homiuem

127 4107 211 4184 frugi,
228 4113 277 4184 qni
292 4128 355 4171 cum
370 4127 460 4174 uxore
475 4111 605 4172 omnibus
620 4110 702 4172 bonis
717 4109 792 4172 bene
807 4110 885 4172 velit.
