2678 4546
130 258 196 315 pem
210 242 357 301 meseum
377 240 528 314 prandium
543 256 664 300 summe.
702 238 837 299 Ostendit
855 241 973 314 insuper
992 247 1024 300 et
1037 240 1121 301 nobis
1135 239 1299 314 inscriph'o·

130 363 196 406 nem
209 348 371 406 litterarum
390 363 477 405 manu
499 349 618 421 propria
639 348 776 420 principis
796 348 889 405 nestri
903 345 941 406 ad
954 347 1108 406 Erasnmm
1123 345 1300 420 hispanicum

131 454 317 512 secretarium
332 454 448 511 oaesaris
463 460 621 511 emratam.
660 453 816 510 Thalernm
830 467 944 525 queque
962 452 1005 510 illi
1018 452 1095 512 deno
1111 450 1182 510 dedi
1196 458 1229 510 et
1241 451 1299 525 pel·

130 557 225 616 licitus
240 564 293 630 est,
309 574 340 616 se
355 573 418 616 mee
433 559 547 615 nemine
562 557 658 616 debita
672 573 737 614 mea
751 555 846 616 eifieis
864 557 988 630 principi
1002 555 1178 617 oblaturum.
1217 558 1299 618 Vole-

130 663 263 722 battere
278 664 399 736 aethieps
414 663 507 721 adhue
521 663 622 722 eadem
636 663 797 735 Augustam
812 662 994 721 contendere.

219 770 327 843 Reperi
342 771 373 827 in
391 770 516 841 hospitio
536 767 682 826 dominnm
696 767 855 826 Martinnm
870 767 1014 826 Caesarem
1034 783 1100 826 eum
1114 767 1231 827 Josnne
1246 765 1299 825 Go-

130 873 222 932 lactee
238 890 383 932 sermones
397 872 582 931 conferenten
596 889 630 929 ae
645 888 703 930 nna
718 875 816 945 pransi
831 890 938 931 snmus.
976 874 1011 932 In
1025 872 1150 948 prandio
1165 874 1299 932 sermoni·

131 981 194 1053 bus,
217 986 250 1037 nt
270 987 382 1053 tempus
404 976 529 1049 ferebat,
552 978 662 1036 animes
682 978 892 1038 remeabamus.
929 979 1012 1038 Actis
1028 979 1132 1052 gratiis
1146 995 1167 1038 a
1181 978 1300 1052 prandio

131 1087 227 1144 varim
235 1100 381 1143 semones
390 1101 444 1157 ege
454 1091 484 1143 et
497 1084 629 1142 dominus
638 1082 770 1141 indimus.
790 1084 845 1142 Fst
854 1086 930 1142 enim
942 1085 987 1142 vir
994 1083 1174 1142 suavissimae
1189 1097 1301 1142 censue

131 1190 250 1248 tudinis.
290 1189 424 1248 Ostendit
447 1189 529 1247 nobis
548 1189 698 1260 seriptum,
719 1205 776 1262 quo
790 1191 903 1248 senatui
918 1189 1074 1249 Werdensi
1087 1189 1126 1249 ob
1138 1189 1300 1247 intricemm

132 1297 246 1354 interim
269 1311 459 1368 responsurus
481 1298 547 1352 erat
566 1300 626 1351 tom
646 1294 722 1366 ipse,
746 1311 833 1366 quam
854 1296 1001 1368 symmista
1022 1294 1094 1366 ejus.
1133 1293 1247 1354 Habuit
1259 1292 1300 1350 hie

131 1400 276 1458 Martinus
301 1405 412 1471 patrem
432 1401 481 1472 qui
505 1404 536 1457 et
557 1399 619 1471 ipse
638 1399 765 1458 ecclesiis
785 1403 816 1458 in
835 1401 1027 1460 ecclesiastico
1041 1415 1163 1459 munere
1178 1397 1299 1473 praefuit,

132 1505 246 1563 nomine
260 1504 402 1564 loannem
417 1504 570 1578 Gaeserom,
586 1506 636 1578 qni
650 1503 724 1564 filies
740 1521 791 1563 sex
805 1506 909 1563 litteris
927 1505 1040 1569 institui
1054 1504 1219 1578 curaverst,
1235 1519 1300 1577 que

132 1625 196 1668 rum
216 1611 343 1683 quinque
361 1611 485 1668 ministri
504 1612 585 1670 serbi
606 1619 691 1685 sunt,
713 1616 811 1669 sextus
824 1604 894 1669 'ludi
916 1610 1082 1670 moderator
1103 1612 1135 1669 in
1159 1608 1300 1684 Anspoeh.

132 1715 227 1774 Fuere
243 1731 312 1774 sere
327 1712 433 1773 hstres
447 1716 575 1787 germani
590 1731 702 1774 nouem.
740 1717 781 1775 Et
793 1717 836 1774 ita
855 1717 976 1775 invicem
990 1717 1164 1776 contulimus
1187 1716 1225 1776 d'e
1238 1730 1299 1774 esu·

132 1821 172 1878 sis
187 1821 334 1893 religionis
350 1826 383 1878 nt
397 1822 547 1893 utriusque
562 1821 673 1878 enimus
688 1822 778 1894 probe
792 1823 951 1896 explicatus
964 1821 1010 1880 sit.
1044 1820 1177 1883 Tandem
1192 1836 1300 1880 eausam

132 1925 188 1986 dee
202 1927 381 1984 demittentes
396 1942 468 1998 cem,
485 1942 549 1998 qnae
565 1928 629 1999 pies
644 1926 741 1998 decet,
767 1926 920 1985 amicitiam
940 1926 1083 1984 inivimus.
1123 1925 1300 2000 Stipendium

134 2033 197 2106 ejus
211 2031 266 2089 luit
280 2047 375 2090 annue
389 2029 492 2090 ilereni
506 2038 618 2090 eentum
633 2037 757 2090 monetae
771 2033 903 2093 saevite.

221 2135 330 2196 Eodem
351 2137 481 2197 Martino
502 2144 532 2194 et
552 2152 605 2194 sne
625 2139 779 2209 symmistes
800 2144 917 2199 senonis
937 2144 1071 2213 perires
1090 2139 1172 2198 viros
1186 2151 1299 2197 nense

133 2243 192 2300 lum
207 2243 287 2301 uerbi
302 2243 499 2313 ministerium,
522 2243 574 2301 sed
590 2244 714 2301 omnium
734 2261 848 2316 queque
862 2249 1106 2303 sacramentorum
1121 2241 1299 2303 administru-

132 2349 238 2406 tionem
260 2347 423 2423 prohibuit,
448 2349 648 2420 precipientes
672 2365 785 2422 qnoque
810 2365 847 2406 ne
868 2349 989 2422 posthac
1007 2349 1146 2422 templum
1168 2355 1301 2421 tanquam

132 2453 266 2529 parrechi
288 2452 524 2526 ingrederentur,
548 2454 653 2512 nubam
675 2470 789 2512 censam
805 2453 1024 2528 praetendentes,
1041 2455 1096 2512 nisi
1112 2453 1192 2527 quod
1207 2455 1301 2512 eivitm

132 2575 231 2619 eornm
245 2576 305 2618 nen
320 2575 354 2616 ea
370 2563 462 2631 esset,
485 2575 549 2630 qnae
570 2564 668 2631 posset
689 2560 790 2616 caesari
810 2561 955 2619 resistere.
990 2558 1075 2618 Certe
1089 2559 1212 2632 pusillus
1235 2573 1299 2633 grex

133 2665 248 2736 Christi,
265 2667 314 2738 qui
331 2665 446 2723 demine
461 2679 513 2721 nec
533 2664 562 2720 in
578 2663 631 2722 hoe
646 2664 753 2737 oppido
770 2664 873 2737 detuit,
894 2662 932 2723 eb
954 2663 1144 2724 amovendum
1158 2669 1300 2739 pastorem

135 2789 257 2830 maerore
273 2769 397 2828 afficitur
413 2776 443 2828 et
457 2771 601 2828 Martinus
616 2771 710 2829 animo
725 2771 881 2830 christiane
896 2770 952 2829 fert
966 2769 1040 2830 hone
1054 2771 1201 2845 iniuriam.

222 2875 300 2932 h'eto
314 2875 351 2933 de
364 2872 505 2934 fidelitate
521 2875 667 2932 chunradi
682 2877 752 2935 ceci.

222 2979 331 3038 Werda
352 2978 439 3037 hehet
458 2978 572 3036 demum
592 2978 830 3055 Teutonieorum,
851 2989 883 3041 ut
899 2990 1010 3057 secant,
1027 2989 1058 3041 et
1071 2982 1235 3042 coenebium
1249 2981 1299 3040 Be·

132 3083 349 3154 uedietinerum,
366 3085 411 3142 eui
427 3083 517 3142 abbas
533 3091 647 3157 praeest.

222 3189 338 3248 Werdoe
359 3186 555 3247 desidentibus
576 3195 604 3247 et
628 3193 842 3262 expectantibus
863 3192 1011 3251 Liberium
1036 3197 1067 3250 et
1086 3191 1248 3253 Adriunum
1268 3208 1300 3250 en

133 3296 281 3368 inopinate
295 3300 434 3368 cognatus
450 3299 547 3353 nester
562 3294 688 3352 Jeennes
703 3312 721 3353 a
737 3298 884 3371 Rethberg
900 3315 952 3357 nes
967 3301 997 3355 in
1012 3298 1139 3373 hospitio
1154 3301 1236 3372 adiit,
1257 3315 1300 3357 re·

135 3415 208 3473 gans
223 3406 255 3458 ut
270 3416 332 3456 cnm
348 3417 383 3458 eo
398 3416 586 3458 coenaremns.
611 3400 744 3459 Cnidum
760 3419 868 3461 merem
883 3403 1017 3476 gerimus,
1032 3403 1178 3463 ioannem
1193 3405 1230 3464 ab
1244 3403 1299 3465 Un-

133 3504 248 3579 genadt,
264 3506 436 3564 austriaenm
453 3506 588 3564 baronem
604 3506 633 3563 in
649 3506 749 3565 eodem
765 3508 889 3581 hospitio
899 3510 1013 3582 cognati
1028 3510 1121 3568 nostri
1137 3526 1203 3569 esse
1216 3524 1300 3583 ugne-

133 3611 238 3683 uimns,
262 3611 310 3684 qni
328 3612 412 3683 juxta
432 3613 609 3685 cognominis
631 3611 675 3669 sui
697 3612 898 3685 etymologiam
913 3614 1043 3672 veritatis
1063 3621 1220 3687 patronum
1234 3629 1301 3688 prte-

132 3723 213 3775 stens
228 3718 273 3791 (nt
293 3722 338 3776 est
358 3717 443 3775 homo
464 3716 543 3775 verbi
566 3717 655 3774 diuini
678 3723 707 3775 et
728 3717 844 3790 pietatis
858 3716 971 3791 omens)
994 3719 1088 3778 minus
1103 3719 1214 3780 tareth
1228 3717 1301 3794 apud

133 3821 347 3880 Ferdinandnm
368 3827 567 3892 connexerat,
592 3823 641 3893 qui
661 3820 699 3879 ab
713 3822 843 3894 Anguem
863 3821 919 3880 hue
933 3831 1062 3898 uenerat,
1084 3827 1213 3898 quesibi
1229 3841 1299 3886 cem·

133 3936 235 4001 parate
250 3928 365 4001 navigio
380 3928 537 3986 lineennm
551 3927 677 3983 Austriae
693 3927 879 3999 navigaturus
895 3934 967 3986 erut.

222 4032 298 4091 licta
322 4031 359 4091 de
383 4030 556 4104 parricidiali
585 4029 650 4090 odie
670 4032 816 4090 deitatum
840 4034 999 4092 meinarum
1018 4034 1048 4092 in
1068 4034 1256 4110 Augusteum
1275 4043 1302 4097 et

135 4134 300 4209 Uirum,
323 4136 403 4212 quod
423 4135 654 4210 cumplurimum
672 4137 709 4198 de
723 4153 777 4198 sna
791 4136 959 4201 fertitudine
973 4144 1004 4201 et
1017 4142 1183 4204 semmua
1196 4143 1234 4205 de
1247 4142 1301 4204 suis
