2678 4546
124 219 198 278 hanc
216 220 361 279 voluerint
381 220 483 278 horum
501 219 655 278 verborum
673 232 735 275 esse
757 215 938 286 sententiam,
962 213 1051 271 Pater
1070 213 1165 287 major
1183 217 1300 273 maest

126 323 200 396 Quia
220 326 338 384 coeleste
357 341 477 398 regnum
497 331 527 383 et
546 323 638 397 gloria
656 323 702 379 his
720 319 904 380 inferioribus
927 318 1092 393 gauderetis
1106 319 1210 393 utique
1223 319 1300 392 qnod

125 430 155 486 in
170 431 307 503 majorem
321 435 475 489 transeam.
506 429 576 486 Haec
595 427 734 503 expositio
754 430 850 485 autem
871 440 924 483 nec
943 424 1020 484 mela
1039 441 1092 483 nec
1113 425 1231 498 quidem
1249 425 1299 482 im·

125 534 275 607 probanda
290 541 341 594 est.
373 534 445 592 Mihi
460 540 553 608 autem
569 533 678 606 videor,
701 533 726 590 si
741 528 831 590 verba
846 529 953 590 Christi
969 530 1135 604 diligentius
1151 532 1297 591 excutian-

126 644 183 713 tur,
200 640 301 698 horum
316 642 468 713 genuinam
480 640 556 698 hane
569 639 663 699 videri
678 638 857 697 sententiam.
888 635 962 707 Quia
976 639 1060 709 pater
1074 636 1169 708 maior
1184 641 1295 708 maest

127 744 290 818 gauderetis
306 745 412 819 utique,
437 745 514 818 qnod
530 745 720 805 obedientiam
735 744 812 817 patri
826 746 969 815 praestem,
994 741 1067 800 siem
1086 739 1124 800 ab
1146 741 1212 815 ipso
1225 756 1295 815 prae

126 851 288 909 ordinatum
307 856 360 925 est,
384 857 413 909 et
436 867 521 925 opus,
546 850 624 922 quod
643 850 706 923 ipse
727 849 797 907 mihi
815 847 947 922 injunxit,
971 844 1119 920 perficiam
1138 851 1169 906 et
1189 846 1221 904 in
1241 851 1296 905 ιιιιι

127 956 310 1014 excellentem
332 956 453 1029 gloriam
472 970 659 1014 concessurus
679 954 717 1013 ad
737 953 885 1013 dexteram
905 951 962 1011 Dei
983 951 1075 1024 patris
1092 957 1228 1010 revertar
1247 956 1293 1009 etc.

126 1060 241 1119 Monuit
260 1066 289 1118 et
307 1059 371 1133 hoc,
388 1059 541 1132 discipulos
560 1060 674 1133 quidem
696 1061 840 1120 dominum
862 1074 971 1116 summo
991 1072 1090 1116 amore
1109 1060 1294 1131 prosequutos

126 1161 228 1238 inisse,
252 1165 385 1224 nimirum
407 1165 437 1222 in
460 1166 552 1238 primo
575 1165 679 1240 gradu,
702 1166 758 1224 hoe
781 1169 839 1238 est,
863 1165 905 1222 ita
929 1162 1073 1222 Christum
1095 1162 1248 1236 amabant,
1268 1163 1295 1218 ιι

128 1272 283 1343 prasentia
301 1276 331 1328 et
348 1271 555 1330 cousuetudine
574 1287 627 1330 sua
646 1271 753 1330 diutius
773 1267 835 1327 irui
850 1272 996 1342 cuperent.
1033 1268 1131 1338 Quare
1153 1274 1185 1326 et
1206 1265 1244 1326 ob
1261 1263 1293 1336 id,

130 1373 206 1447 quod
221 1373 315 1432 abitus
330 1375 375 1432 sui
389 1377 561 1435 mentionem
575 1374 698 1449 fecisset,
715 1375 858 1433 tristiores
872 1371 980 1432 redditi
994 1377 1070 1431 sunt.
1094 1373 1196 1431 Minus
1209 1376 1294 1432 meu

130 1478 255 1538 emunda
274 1481 380 1539 amoris
400 1479 501 1554 gradui
522 1479 726 1553 satisfecerint,
749 1479 871 1552 scilieet,
896 1478 963 1550 quia
981 1476 1176 1536 obedientiam
1197 1475 1292 1537 domiru'
1326 1515 1339 1540 ι

130 1599 200 1658 erga
222 1590 346 1658 patrem,
371 1590 401 1643 et
421 1600 496 1659 eam,
520 1587 551 1642 in
573 1599 658 1659 quam
681 1583 811 1644 Christus
832 1584 1002 1643 introiturus
1022 1589 1087 1642 erat
1107 1582 1233 1657 gloriam
1245 1596 1292 1641 nou
1333 1625 1339 1636 Ἰ

131 1689 189 1747 auis
209 1686 357 1749 affectibus
377 1696 407 1750 et
426 1691 570 1764 corporah
592 1689 700 1749 Christi
719 1690 875 1762 praesentia
895 1688 1085 1763 praetulerint.
1125 1688 1211 1748 Dixit
1229 1688 1293 1747 min
1323 1731 1339 1744 .

132 1793 261 1854 Christus
274 1793 463 1854 «Gauderetis
476 1796 584 1869 utique,
599 1796 667 1868 quia
678 1799 762 1868 pater
774 1795 868 1868 major
876 1810 922 1853 me
936 1798 1011 1867 est«,
1022 1793 1105 1866 qnasi
1116 1791 1292 1868 dicat-«litu
1311 1822 1316 1859 ε

130 1884 169 1958 oh
188 1899 218 1958 id
241 1899 370 1958 abiturus
391 1916 462 1972 aum,
488 1899 565 1971 quod
580 1900 669 1958 nolim
683 1899 790 1960 diutius
805 1898 950 1958 vobiscum
965 1899 1098 1959 interris
1113 1897 1231 1974 degere,
1252 1897 1291 1956 eut
1309 1926 1314 1965 ρ

132 2003 206 2076 quod
221 2005 311 2064 vestri
325 2008 465 2076 pertaesus
480 2005 547 2075 sim;
564 2003 615 2063 sed
629 2005 696 2078 quia
712 2011 795 2079 pater
810 2006 901 2078 major
916 2021 971 2078 me,
985 2010 1068 2063 vocat
1080 2020 1127 2063 me
1143 2002 1292 2065 obedienti
1309 2032 1316 2075 p

131 2110 208 2183 patri
223 2109 398 2183 praestanda,
421 2115 453 2168 ut
468 2125 540 2183 opus
554 2109 759 2182 redemptionis
778 2110 954 2181 compleatur
973 2113 1003 2168 et
1021 2108 1059 2167 ad
1078 2109 1208 2182 priorem
1221 2105 1291 2167 clari

131 2219 221 2273 tatem
236 2220 265 2273 et
279 2219 409 2287 paratum
424 2213 493 2271 mihi
508 2213 628 2287 gloriam
643 2213 805 2273 concedam.
843 2213 923 2287 Hac,
946 2216 1073 2289 inquam,
1096 2214 1121 2273 si
1136 2214 1229 2289 probe
1241 2202 1315 2291 ptri,

132 2318 304 2394 panderetis,
328 2318 492 2392 gauderetis
512 2320 606 2392 potius
626 2336 711 2394 quam
732 2319 1004 2379 contristaremini.·='
1042 2319 1159 2378 Docens
1176 2319 1296 2379 dominu
1316 2361 1339 2382 ε

132 2422 187 2481 hoe
202 2424 340 2499 exemplo,
364 2426 441 2498 quod
461 2424 624 2485 obedientia
644 2429 673 2484 et
691 2425 730 2498 id,
754 2426 785 2485 in
807 2423 883 2498 quod
903 2426 1005 2484 missus
1026 2430 1099 2498 erat,
1123 2426 1218 2485 amori
1236 2432 1298 2497 oro

133 2530 287 2604 discipulos
302 2536 331 2589 et
345 2532 439 2590 camnis
455 2529 603 2591 affectibus
619 2531 754 2604 praetulit.
785 2531 860 2590 Nam
875 2529 984 2589 sciehat
1003 2530 1044 2588 sic
1059 2529 1157 2590 Deum
1171 2529 1303 2591 dilemur
1337 2585 1339 2588 .

133 2635 279 2709 mundum,
303 2642 336 2694 ut
353 2637 428 2694 hune
447 2634 537 2705 filium
557 2653 640 2696 suum
660 2635 781 2708 dederit,
806 2652 863 2708 qno
884 2636 985 2710 omnis,
1010 2636 1059 2709 qui
1078 2635 1174 2696 credit
1186 2637 1219 2696 in
1232 2648 1303 2705 eun,

134 2755 192 2800 uon
207 2747 315 2815 pereat,
340 2742 391 2802 sed
409 2742 497 2800 vitam
517 2748 654 2802 aeternam
676 2740 795 2812 haheat3
820 2756 873 2800 nos
892 2740 947 2800 deo
966 2740 1031 2815 plus
1050 2739 1171 2800 obedire
1190 2739 1306 2809 dein,

135 2851 165 2903 et
179 2861 263 2919 quam
284 2848 436 2921 unicuique
456 2847 634 2906 vocationem
653 2847 715 2921 ipse
728 2846 899 2920 injunxerit,
922 2845 1035 2918 privato
1055 2861 1154 2905 amore
1175 2851 1206 2905 et
1224 2842 1308 2905 ὠ)-

135 2950 211 3009 tibus
231 2952 368 3025 majorem
388 2951 493 3011 ducere
508 2950 623 3010 dehere.
654 2951 738 3025 Nam,
760 2952 852 3025 inquit
866 2951 1024 3022 Musonius,
1048 2966 1129 3010 amor
1150 2953 1230 3011 intre
1242 2962 1314 3009 nn·

137 3071 210 3113 mam
226 3057 347 3130 justitiae
362 3064 538 3131 permaneat.
569 3056 701 3131 Exempli
714 3056 817 3131 gratia.
849 3055 937 3116 Pater
952 3072 993 3129 es,
1017 3055 1124 3115 liberos
1139 3055 1230 3116 chare
1242 3068 1312 3113 cor·

133 3161 205 3235 jugii
224 3164 346 3236 pignora
365 3165 463 3219 tenere
484 3160 591 3235 diligis;
609 3163 690 3236 justa
712 3167 756 3221 est
778 3167 808 3220 et
828 3176 912 3233 aequa
934 3162 996 3219 haec
1016 3161 1135 3236 storgiu.
1172 3161 1317 3221 Aaou

137 3268 177 3325 ita
197 3283 246 3325 eos
269 3272 377 3336 amato,
401 3281 437 3323 ne
456 3267 534 3340 ipsos
554 3267 617 3326 Deo
637 3266 775 3340 praeferas
796 3270 826 3324 et
845 3266 902 3324 illis
921 3272 1022 3325 contra
1042 3265 1098 3325 Dei
1119 3267 1257 3327 mandrie
1271 3262 1335 3325 ὖ

133 3372 253 3443 justitiae
279 3386 407 3428 normam
429 3387 496 3431 eave
522 3374 683 3433 connivens.
729 3372 845 3430 Amicus
866 3371 920 3430 tibi
940 3372 1045 3445 aliquis
1067 3378 1126 3444 est,
1150 3372 1205 3432 tibi
1235 3396 1246 3419 ι

138 3472 227 3546 cordi,
243 3476 289 3533 cui
304 3476 334 3533 iu
349 3476 478 3537 omnihus
493 3494 601 3539 morem
616 3493 717 3552 gerere
732 3477 838 3550 euplus.
863 3476 903 3535 At
917 3493 982 3536 eum
996 3478 1039 3537 ita
1053 3482 1161 3553 amato,
1175 3492 1213 3537 ne

138 3594 225 3638 cause
243 3580 297 3639 Dei
317 3582 399 3657 iram,
422 3585 525 3642 animae
543 3591 601 3644 tuae
621 3583 788 3658 periculum,
812 3586 863 3641 aut
880 3588 965 3657 turpe
984 3581 1055 3655 quid
1075 3583 1121 3642 vel
1140 3582 1244 3643 subm
1278 3579 1279 3582 ’

138 3686 306 3747 committas.
337 3689 427 3748 Filius
445 3688 568 3750 familias
587 3705 628 3762 ea,
652 3689 694 3746 sie
714 3692 826 3763 patrem
845 3689 996 3761 reveritor,
1020 3704 1056 3746 ne
1071 3692 1170 3747 ιιιιιιιι
1190 3712 1224 3737 ιι,

138 3791 213 3849 illius
227 3795 318 3866 patris
332 3794 470 3853 honorem
488 3794 647 3853 imminuas.
682 3795 768 3867 Item,
791 3796 815 3852 si
836 3809 892 3866 qua
912 3792 951 3851 ad
970 3792 1026 3851 Dei
1045 3793 1168 3867 glorium
1187 3796 1238 3853 au

139 3897 259 3971 publicae
279 3899 438 3974 profectum
458 3915 605 3974 vocemur,
629 3916 792 3974 quanquam
812 3916 930 3960 uxorem
953 3904 983 3958 et
1004 3897 1110 3959 liberos
1132 3902 1258 3959 amen!

139 4006 253 4077 nostris,
277 4011 309 4064 ut
327 4021 440 4077 aquum
461 4012 518 4079 est,
541 4005 615 4063 bene
634 4020 759 4079 praeesse
778 4005 934 4078 cupiamus,
958 4010 1053 4063 emen
1072 4003 1118 4062 hie
1148 4028 1188 4054 ιιι
1213 4031 1226 4051 o

139 4109 252 4170 domino
266 4110 404 4170 honorem
417 4111 515 4170 demus
530 4115 559 4170 et
577 4127 728 4184 pareamus
742 4111 864 4171 vocanti.
904 4109 1055 4184 Similiter,
1078 4110 1103 4168 si
1123 4123 1197 4169 crux
1223 4132 1259 4154 ·-·
