2678 4546
86 222 175 278 mium
195 215 339 276 tendimus
359 210 467 272 ibidem
487 212 701 285 pernoctantes.
746 205 887 266 Vidimus.
900 201 994 267 Wuld
1004 202 1193 267 Marsebelclv
1211 202 1258 267 de

90 337 193 383 canum
207 318 456 391 Bambergensem.

176 422 378 482 Metuebamus
393 419 507 494 quidem
523 419 606 480 nobis
622 436 640 479 a
654 418 819 478 marchione
833 416 964 490 ailberto,
988 431 1091 476 verum
1105 413 1263 477 Bairsdord

89 529 258 606 oppidulum
271 528 360 600 ipsius
375 525 636 600 pertranseundum
651 523 735 584 nobis
749 529 822 583 crat.

177 634 246 692 xxix
255 633 273 691 J
274 633 335 691 unii
346 632 538 691 aForchemio
545 630 736 704 Bambergam
750 629 987 703 praemrlegentes
996 629 1158 704 moganum
1171 631 1261 688 tram

90 741 165 800 vecti
191 740 221 799 in
247 734 437 796 Rattelsdorff
460 738 558 809 pransi
584 751 694 808 sumus,
726 734 833 794 ibidem
855 734 1036 794 invenientes
1060 733 1263 810 Pinzingoeu

91 844 356 918 Norinborgemem
368 858 432 900 oum
446 857 536 906 uxore
551 847 581 901 et
595 840 705 900 liberis.

180 950 258 1010 Nota
273 949 309 1009 de
324 947 430 1006 annulo
445 945 587 1006 Friderici
605 947 753 1020 electoris,
776 961 860 1019 quem
882 945 987 1009 nobilis
1001 944 1123 1020 quidam
1138 959 1159 1002 a
1170 943 1265 1019 pedite

91 1072 144 1130 pro
160 1054 322 1128 quindecim
345 1052 442 1111 aurcis
460 1051 582 1110 redemit
602 1067 636 1111 ac
658 1053 813 1114 electorem
830 1069 866 1112 eo
886 1051 1052 1112 redonavit.
1090 1051 1151 1108 Hic
1172 1055 1264 1110 autom

92 1160 216 1221 annulus
231 1174 267 1218 ex
291 1157 470 1216 successione
490 1156 659 1217 hereditatis
678 1161 767 1217 trium
789 1159 945 1218 electorum
964 1155 1099 1216 Saxonis-e
1119 1162 1264 1230 aecumst

91 1263 156 1340 iuuit,
173 1262 283 1324 scilicet
296 1260 449 1335 Fridcrioi‚
465 1260 483 1318 J
485 1257 585 1319 oannis
601 1266 630 1320 et
643 1262 728 1336 hnjus
742 1262 761 1322 J
763 1263 864 1322 oannis
878 1262 1030 1336 Friderici,
1055 1262 1107 1336 qui
1121 1259 1209 1320 modo
1222 1275 1264 1320 so·

93 1369 188 1429 cundo
207 1368 292 1440 huius
312 1365 413 1425 annuli
427 1379 575 1438 possessor
591 1373 644 1426 est.
683 1366 756 1426 Item
770 1373 901 1427 catenam
914 1367 1060 1441 quandam
1078 1381 1199 1425 auream
1212 1368 1264 1425 oir-

95 1476 167 1535 citer
183 1475 354 1546 quingentos
369 1454 474 1530 aureos
483 1471 700 1547 ponderantem,
717 1488 781 1545 quoe
796 1470 835 1531 ab
849 1472 963 1532 Joannc
973 1470 1161 1534 aWcisbaoh
1174 1474 1265 1544 empta

96 1584 170 1652 erat,
185 1575 238 1636 filii
253 1577 385 1636 electoris
400 1559 455 1634 sibi
469 1576 663 1635 redemerunt.

184 1683 219 1741 In
238 1679 429 1742 Rattelsdorff
452 1681 544 1756 primo
566 1684 727 1756 accepimus
747 1683 887 1758 hospitem
912 1686 1042 1742 nostrum
1063 1680 1094 1738 iu
1119 1677 1265 1754 coburgc

95 1790 167 1850 vivis
182 1787 347 1849 excessisse.

304 1904 358 1954 Vor
374 1900 550 1964 vunbedacht,
568 1900 683 1953 hernach
702 1904 848 1970 geprueffet
873 1945 876 1948 .

232 2046 236 2051 ,
304 1990 360 2041 Hal
377 1990 525 2041 mancbcnn
543 1990 591 2040 offt
608 1989 762 2043 betrucbett

187 2100 246 2160 Sub
262 2100 354 2161 noctis
369 2105 500 2160 octavam
515 2099 679 2177 Coburgam
700 2102 844 2174 venimus,
870 2100 919 2160 ubi
937 2105 1126 2176 posteaquem
1149 2116 1265 2175 corporo

97 2205 161 2264 cibo
176 2202 328 2264 refecimus
343 2219 377 2263 ac
392 2205 458 2277 equi
473 2205 672 2280 emanarant,
688 2220 788 2264 somno
805 2205 863 2264 diei
877 2204 996 2266 ῑωᾱὶιιω
1008 2206 1185 2266 levabamus.

187 2308 316 2368 loannes
334 2306 476 2367 Ernestus
499 2308 630 2368 Senoniae
649 2309 709 2370 dux
729 2315 759 2369 et
777 2309 919 2385 Coburgoe
939 2309 1074 2384 princeps
1095 2311 1175 2383 quod
1188 2309 1265 2370 ircim

100 2428 151 2473 suo
166 2412 273 2473 loanni
293 2411 442 2472 Friderico
462 2414 590 2487 proximo
613 2414 689 2474 bello
709 2416 817 2474 anxilio
839 2422 870 2474 et
889 2431 983 2474 comes
1003 2411 1106 2489 fuerit,
1131 2430 1265 2475 acoesarc

96 2519 249 2578 mulctatus
263 2526 309 2578 est
323 2535 389 2578 arce
398 2519 589 2594 Kbnigsberg‚
606 2522 665 2578 vini
680 2527 822 2596 proventu
837 2525 867 2581 et
881 2521 945 2580 aliis
959 2519 1122 2580 redditibus
1138 2520 1265 2597 superba

98 2630 128 2684 et
149 2626 258 2698 aliquot
280 2626 399 2699 insuper
421 2625 544 2684 millibus
565 2643 727 2685 aureorum.
765 2626 869 2685 Arcem
889 2626 964 2686 hanc
982 2643 1048 2693 cum
1068 2625 1200 2686 omnibus
1214 2627 1265 2686 suis

97 2730 229 2790 censibus
244 2731 380 2790 Albertus
395 2730 522 2790 marchio
539 2730 722 2791 aCulmbaob
737 2737 874 2806 tanquam
890 2732 996 2792 donum
1011 2747 1171 2792 casareum
1186 2739 1265 2793 tenet

98 2835 205 2895 Facilis
220 2842 264 2895 est
282 2838 357 2895 enim
372 2836 532 2908 benignitas
548 2851 584 2894 ex
598 2852 656 2896 non
671 2842 722 2895 tuo
737 2837 847 2910 largiri.

189 2938 357 3012 Coburgicis
371 2955 540 3027 persuasum
562 2937 617 3000 fuit
630 2941 879 3018 Norinbergcnscs
894 2944 1008 3020 interim
1028 2942 1101 3002 illud
1128 2959 1265 3016 nunquam

99 3053 276 3122 recepturos.
299 3045 368 3107 Ata
381 3044 465 3106 nobis
479 3048 594 3107 veriora
605 3048 700 3107 edocti
713 3066 771 3108 non
786 3051 920 3142 amanum
935 3065 996 3123 pra
1012 3065 1043 3108 se
1053 3048 1185 3108 dolorem
1199 3065 1265 3123 prae·

97 3151 239 3215 forebant.
278 3154 408 3212 Vidimus
427 3151 532 3211 ibidem
552 3152 710 3224 symbolum
725 3154 830 3212 Lazari
843 3172 863 3214 a
878 3154 1035 3228 Solvendi,
1057 3157 1117 3230 qui,
1134 3156 1212 3228 quod
1226 3170 1265 3214 ao·

99 3265 250 3318 ousaretur
265 3258 435 3334 proditionis
450 3250 734 3334 inVogelspergium,
751 3261 943 3321 innocentiam
958 3276 1038 3320 suam
1049 3260 1154 3338 (cidiis
1167 3257 1265 3336 placet]

102 3363 294 3439 pretendens,
310 3364 421 3423 scribit:

310 3479 423 3531 Conscia
441 3496 514 3532 mens
532 3482 598 3533 recti
617 3482 693 3532 famae
712 3480 850 3531 mendacia
868 3480 942 3532 ridet.

190 3587 282 3646 lirant
296 3594 392 3649 autem
407 3592 527 3663 ipsamet
543 3591 603 3664 die,
627 3606 691 3665 qua
707 3590 781 3650 divis
796 3591 885 3649 Petro
901 3597 930 3649 ct
944 3591 1035 3651 Paulo
1057 3605 1143 3653 sacra
1158 3598 1229 3665 erat,
1244 3597 1265 3650 et

100 3692 289 3768 (loburgianae
305 3701 334 3753 et
349 3696 542 3770 Neumburgae
557 3697 595 3756 ad
611 3696 707 3756 Salam
723 3695 868 3754 nundinas.

189 3799 298 3861 Ultima
312 3800 393 3859 Junii
408 3817 427 3860 a
442 3800 575 3875 Goburga
590 3806 726 3861 exeuntes
741 3817 837 3859 arcem
852 3800 988 3860 nobilium
1004 3799 1041 3860 de
1056 3801 1198 3862 Rcscnav
1213 3815 1265 3858 mo-

99 3905 256 3965 nasterium
276 3905 471 3966 Moluchroett
490 3911 697 3980 praetereuntes
720 3908 750 3964 in
765 3905 939 3967 Ncwenstad
959 3906 1139 3967 civitatulam
1159 3905 1265 3968 deveni·

105 4025 177 4066 mus.
215 4007 328 4069 Deinde
343 4011 419 4070 inter
434 4011 584 4071 Nevstadt
604 4018 633 4070 ct
646 4011 815 4072 ludenbach
837 4029 942 4086 pagum
957 4011 1077 4086 injugit
1091 4011 1180 4085 sylva
1195 4010 1265 4070 Thu·

107 4110 224 4184 numae
239 4114 376 4176 tabernas
390 4119 421 4176 et
435 4132 516 4177 casas
531 4115 662 4191 vidimm,
677 4118 726 4178 ubi
736 4122 849 4191 sumptu
860 4117 1098 4191 Piuaingerorum
1105 4113 1265 4179 mndamru
