2678 4546
607 56 671 123 lli

80 256 114 300 ox
132 240 168 300 iu
188 238 319 300 omnihus
339 245 442 300 contra
460 256 584 299 canones
603 241 673 300 istos
693 247 747 299 etc.
769 243 929 302 consentire
948 245 1024 317 velit,
1049 246 1223 323 Sohomherg

80 363 164 420 mque
184 346 375 406 marschalcus
396 346 616 420 pollicitationes
637 347 720 406 nohis
741 344 821 420 fecit,
846 348 896 406 ssd
917 365 1005 408 venas
1028 366 1107 422 reor3
1139 350 1222 410 facile

80 453 123 510 sm
138 451 275 526 quinum
289 450 373 510 amn
388 432 568 523 promittunt.

136 556 228 631 Ajunt
246 571 391 629 caesamm,
414 571 479 614 cum
496 555 673 615 fertilitatem
693 557 755 630 agri
776 557 908 617 Saxonici
929 565 959 617 et
978 559 1058 633 regio
1077 576 1157 620 more
1171 576 1219 619 ex·

80 667 160 722 nctus
172 678 254 722 eroes
269 661 396 734 vidisset,
412 659 530 720 dixisse:
553 661 621 720 Dux
635 662 761 721 Joeuues
776 662 941 721 Friderieus
960 662 1078 723 robusto
1098 671 1143 724 est
1157 681 1219 726 cor·

80 785 117 828 »re
133 773 164 826 et
177 767 266 827 hsbet
277 765 435 825 fortissima
454 781 571 824 crurum
591 767 706 839 cohors,
730 773 825 825 tamen
845 766 923 825 tihiae
943 769 1031 842 ipsius
1053 775 1133 828 tauta
1147 785 1221 829 com·

80 873 133 933 >da
147 888 232 946 sequa
246 877 341 930 menie
359 868 435 930 ferre
455 869 621 943 nequibant.
652 871 757 930 Omnes
778 877 888 945 sutem,
913 874 961 945 qui
981 880 1101 947 sperant
1119 875 1150 933 iu
1168 874 1221 954 ‘¹⁰1

80 981 133 1052 mo,
158 994 218 1038 nou
231 974 449 1035 confundentur.
479 975 647 1034 Potentiora
661 978 735 1035 enim
756 981 786 1035 et
803 994 894 1051 regua
909 994 976 1037 suus
997 995 1111 1051 quoque
1126 981 1219 1053 perio·
1282 1044 1286 1051 ,

80 1083 233 1144 shabcut.
266 1133 272 1142 .

135 1180 229 1248 Wolff
240 1201 354 1259 quoque
368 1201 462 1246 comes
476 1186 507 1244 iu'
523 1174 660 1261 liningen
675 1188 766 1247 adest.
901 1255 907 1266 ·

134 1292 247 1354 Eadem
261 1291 450 1364 landtgraviae
465 1307 538 1348 uuus
554 1297 583 1350 et
597 1293 670 1351 alter
692 1309 781 1366 equus
802 1300 932 1353 mortuus
952 1299 1004 1353 est.
1036 1294 1152 1353 En‘cum
1167 1312 1218 1354 no·

80 1417 126 1458 um
141 1416 161 1459 a
176 1399 298 1457 Zcrtzeu
313 1411 378 1454 cum
392 1393 553 1455 fursenum
570 1397 632 1470 ejus
648 1403 814 1457 evacuasset
828 1416 917 1459 aureo
932 1401 1108 1460 donavimus.

135 1504 302 1564 Consolatio
324 1499 422 1560 afflicti
442 1507 472 1560 et
494 1502 584 1560 divini
605 1503 704 1561 auxilii
726 1506 902 1578 exspectantis
917 1505 959 1562 M.
976 1505 1112 1564 Lutheri:
1137 1506 1220 1581 Laug

80 1609 179 1670 tuicht
194 1609 285 1682 Euig,
307 1607 359 1666 der
374 1607 491 1667 eleuder
505 1607 577 1666 leidt
590 1609 664 1682 noll,
688 1609 758 1668 aher
772 1611 850 1668 nicht
865 1612 992 1684 allwege.
1024 1610 1064 1669 So
1078 1611 1132 1669 soll
1146 1611 1220 1669 euch

80 1716 108 1774 iu
120 1712 240 1773 huffenn
254 1711 334 1770 nicht
347 1710 497 1772 umhsonst
510 1729 590 1786 seyu.

86 1868 89 1873 ,
133 1818 245 1877 Eadem
260 1818 390 1877 comitem
405 1819 441 1879 ab
456 1818 625 1877 Eolununds
641 1824 671 1878 et
684 1819 816 1876 comitem
823 1817 1004 1891 Brehauzom
1021 1821 1144 1878 alterum
1158 1819 1220 1878 hol·

80 1923 177 1997 ndum,
201 1923 322 1982 alterum
337 1921 558 1997 Brebantinum,
583 1924 713 2002 vidimus.

133 2029 211 2102 xxvij
232 2029 306 2102 Meji
325 2030 356 2087 iu
383 2029 444 2088 aede
468 2030 497 2088 d.
521 2030 659 2088 Mauritio
683 2045 766 2088 sacra
792 2030 947 2103 praelector
974 2031 1043 2104 legit
1065 2037 1152 2104 ceput
1178 2033 1217 2088 16

80 2135 178 2195 atthaei
193 2124 227 2193 ac
242 2134 341 2193 solitas
355 2134 571 2194 adhortationes
587 2140 617 2192 et
636 2135 814 2208 precationes
834 2133 909 2193 fecit.
941 2134 1053 2194 Deinde
1072 2136 1221 2194 Musculus

80 2239 177 2299 iritum
192 2239 368 2298 Deihouum
383 2245 416 2300 ut
430 2239 512 2300 uobis
527 2240 607 2299 verbi
627 2238 715 2297 divini
734 2240 940 2298 incrementum
960 2241 1052 2314 daret,
1076 2241 1220 2302 invocavit

89 2360 126 2404 ox
140 2360 203 2417 esp.
223 2345 262 2402 15
278 2345 399 2404 Joauuis
414 2344 444 2402 id
459 2343 536 2418 quod
550 2362 603 2419 per
618 2344 729 2416 aliquot
743 2345 917 2419 septimanus
932 2347 1075 2419 tractavit,
1092 2347 1217 2421 repetiit.

80 2464 109 2511 uo
126 2455 224 2509 autem
245 2449 291 2509 die
310 2451 372 2508 haec
390 2450 480 2510 rerba
498 2451 581 2524 legit:
615 2451 667 2508 «ln
689 2450 744 2509 hoc
763 2449 937 2523 glorificatus
957 2457 1001 2509 cst
1023 2457 1105 2524 pater
1127 2469 1217 2525 meus,

80 2553 216 2615 -huotum
231 2557 376 2630 copiosum
396 2555 523 2615 efferatis
544 2562 574 2614 et
594 2553 756 2615 efficiamini
776 2556 832 2613 mei
853 2554 994 2628 discipuli.
1027 2554 1106 2613 Sicut
1120 2554 1220 2614 dilexit

80 2655 198 2736 opacet,
222 2661 263 2720 ita
283 2666 313 2721 et
332 2678 386 2736 ego
407 2661 493 2721 dilexi
512 2677 573 2720 vos.
609 2661 727 2739 Msuete
748 2661 777 2717 in
797 2659 948 2718 dilectione
969 2675 1033 2717 meu
1053 2664 1127 2717 eto«
1164 2660 1220 2718 Hic

80 2762 243 2829 {ordinem
263 2768 300 2827 de
317 2738 532 2841 comparatione
554 2765 659 2825 Christi
680 2771 710 2823 et
731 2781 848 2824 suorum
869 2763 905 2821 ad
928 2765 1013 2823 vitem
1036 2769 1065 2823 et
1087 2766 1218 2838 palmites

80 2870 125 2946 nt,
135 2871 241 2945 jubens
254 2887 306 2930 nos
321 2887 356 2930 eo
371 2872 423 2931 uiti
436 2871 550 2945 debere,
568 2877 600 2932 ut
620 2873 650 2929 iu
671 2871 725 2929 hec
744 2868 807 2943 ipsa
826 2872 884 2929 vite
900 2887 1078 2929 maneremus
1094 2877 1123 2930 et
1138 2872 1167 2929 iu
1183 2889 1218 2930 ee

80 2962 169 3039 'ntum
183 2974 318 3036 feremus.
342 2977 414 3034 Item
432 2976 575 3050 quomodo
591 2975 721 3035 domiuus
735 2977 827 3035 amica
842 2983 870 3035 et
882 2975 989 3034 blande
1004 2978 1135 3036 oratione
1150 2993 1217 3036 suos

80 3070 186 3143 ‘buerit
210 3082 237 3141 E
251 3087 352 3145 contra
363 3070 440 3156 quod
450 3083 480 3140 in
494 3069 557 3154 ipsa
569 3081 626 3139 rite
638 3096 695 3139 non
707 3081 886 3141 manentibus
900 3081 989 3140 aridis
1002 3087 1031 3140 et
1042 3079 1217 3154 inhugiferis

80 3184 210 3257 britihus
226 3189 263 3246 sit
278 3187 472 3246 comminutus.
504 3187 587 3245 Nunc
602 3192 697 3244 autern
717 3187 793 3244 hisce
809 3188 903 3275 verliis
922 3187 1051 3245 Christus
1067 3185 1150 3244 docet
1165 3203 1216 3259 pa-

80 3275 164 3375 piu
186 3293 241 3352 hoc
263 3269 432 3378 glorificari,
457 3294 481 3350 si
495 3290 617 3351 fructum
633 3294 752 3352 multum
767 3294 798 3350 in
819 3291 933 3350 Christo
954 3289 1127 3350 adferemus.
1162 3291 1218 3350 Hic

80 3386 198 3475 'struens
208 3397 352 3458 Christum
367 3414 424 3457 non
439 3398 562 3457 voluisse
574 3400 643 3457 'suos
656 3400 781 3457 ociossm
793 3403 822 3455 et
834 3398 986 3470 reprobam
997 3399 1086 3456 vitem
1103 3397 1216 3471 ducere,

80 3484 142 3581 §.in
158 3520 193 3562 ea
209 3520 298 3577 quem
310 3504 371 3576 ipse
382 3502 466 3579 jubet
480 3502 602 3573 fructum
618 3502 703 3562 serre.
734 3503 784 3560 Ait
802 3508 896 3561 autem
911 3502 1070 3561 Musoulus:
1087 3502 1217 3562 Christus

127 3627 177 3677 uus
196 3627 215 3668 a
236 3610 456 3682 MshometeniS,
479 3607 588 3675 Judaeis
610 3608 749 3680 scithis,
774 3609 823 3680 qui
844 3620 902 3664 uou
927 3613 994 3669 sunt
1016 3609 1142 3682 inipso,
1167 3607 1218 3666 sed

123 3715 131 3729 '
192 3732 211 3774 u
227 3715 324 3787 stipite
340 3714 430 3772 evulsi
446 3720 475 3773 et
490 3718 572 3772 extra
586 3715 671 3772 vitem
691 3713 878 3785 luxuriantes
903 3713 1013 3770 etiamsi
1028 3712 1217 3786 perditissime

126 3820 134 3835 ’
154 3825 178 3894 t,
202 3835 260 3878 uon
277 3818 491 3878 dehonestetur.
523 3819 579 3878 Sed
594 3822 617 3876 si
633 3836 695 3892 uos,
719 3819 767 3890 qui
787 3819 848 3890 ejus
863 3819 976 3876 nomine
996 3817 1174 3889 superbimus
1189 3819 1219 3872 et

112 3924 130 4001 .'
196 3925 227 3982 iu
246 3925 305 3982 vite
325 3918 536 3984 succrescentes
555 3926 585 3983 in
607 3924 729 3982 dedecus
750 3924 837 3981 divini
858 3923 978 3980 nominis
997 3922 1085 3978 vitam
1105 3920 1217 3976 institu-

160 4074 168 4103 ‚
190 4029 221 4088 id
237 4028 315 4088 dolet
333 4031 420 4104 petri,
443 4031 473 4088 in
491 4030 545 4089 hoo
563 4030 656 4104 glorie
672 4032 741 4103 ejus,
766 4033 902 4101 quantum
919 4027 957 4084 ad
972 4041 1033 4096 nos,
1057 4038 1215 4081 commacu·

105 4140 131 4196 '.
160 4133 238 4195 Nam
260 4139 395 4194 oretenus
414 4136 589 4195 solummodo
611 4135 804 4201 Christianum
824 4147 919 4204 egere,
943 4129 1012 4202 quid
1031 4129 1143 4202 attinet,
1167 4136 1217 4191 eut
