2678 4546
686 90 754 157 m
1253 4 1331 362 Ὗ

224 284 253 343 A
271 283 410 342 eoncione
428 278 609 353 jentaculum
630 275 803 349 sumpsimus
820 288 857 333 ac
878 273 946 334 inl
1035 275 1068 333 in
1083 274 1217 341 ‚tram
1233 272 1303 334 ets

133 379 1006 466 mmncomnmuspronuhebrioonitamosmnenpr
1074 380 1302 455 njuxtapogon

88 522 123 571 0
133 495 253 554 Heriem
268 493 307 550 ad
321 507 402 549 oram
417 488 547 547 Schwalb
565 484 690 544 fluminis
714 485 931 561 insumpsimus,
954 485 1025 546 inde
1037 490 1121 545 recta
1133 484 1302 545 Waldeoism

134 606 266 677 petentes
284 597 399 656 circiter
419 590 553 668 qnmmm
571 591 797 665 pomeridianam
820 607 917 651 aroem
936 591 1062 665 patriam
1081 591 1240 663 intramus,
1262 589 1301 647 uhi

135 722 188 763 nos
209 708 355 777 compater
374 707 473 761 noster
493 714 588 757 comes
603 696 719 756 Samuel
741 696 869 769 exoepit,
896 695 947 767 qni
968 700 999 753 et
1017 694 1170 754 nobncnm
1182 697 1302 753 omasus
1329 710 1331 731 ¹

136 816 189 868 est.
213 809 369 867 Waidociae
384 806 526 865 neminem
540 809 648 876 praeter
662 798 784 860 lloniels
803 808 834 860 et
847 799 1012 859 Conradum
1027 798 1138 860 Cocum
1150 815 1216 858 eum
1229 797 1301 858 fami·

134 916 183 988 lia,
199 930 264 988 quae
279 914 319 972 ibi
333 927 398 970 esse
412 910 570 983 oonsuevit,
585 909 755 982 reperimus.

224 1019 327 1091 ltaque
340 1035 358 1074 s
372 1015 482 1091 Aprilis
496 1032 516 1073 s
530 1013 672 1073 Waldeolr
684 1014 783 1072 tristes
797 1017 829 1070 et
841 1009 920 1070 anxii
934 1006 1066 1084 proiecti,
1091 1024 1154 1069 non
1167 1010 1301 1069 oonsdsn·

135 1124 178 1182 tia
191 1123 243 1182 sed
256 1123 397 1181 malornm
412 1118 607 1179 delationibus
621 1119 702 1190 mon,
723 1119 807 1190 juxta
819 1115 978 1191 psalmistae
992 1114 1095 1173 verne:
1113 1114 1247 1175 »Enntes
1259 1113 1300 1174 ile

136 1229 227 1286 rimus
241 1227 387 1284 mittentes
401 1224 512 1282 semina
525 1227 656 1294 nostra‹,
671 1222 808 1281 vimina
825 1219 954 1279 secunda
967 1219 1040 1278 lolii
1052 1225 1237 1280 revertentes
1249 1221 1302 1281 soni

136 1337 168 1391 et
179 1332 287 1404 integri
300 1345 364 1387 oum
379 1327 547 1386 charissima
560 1343 652 1386 uxore
665 1326 798 1385 laetanoes
807 1322 977 1385 adeandem
988 1339 1087 1384 aroem
1101 1324 1234 1385 venimus
1247 1340 1302 1399 por·

136 1440 232 1494 tantas
246 1432 406 1506 manipulos
421 1438 546 1491 nostros.
1138 1484 1141 1488 ,

226 1537 401 1597 Benedictus
421 1538 511 1612 igitur
530 1538 569 1595 sit
584 1536 656 1596 dens
669 1543 754 1611 pater
768 1535 904 1609 coelestis,
925 1535 975 1609 qui
990 1549 1044 1595 nos
1057 1533 1097 1593 de
1109 1550 1201 1595 manu
1213 1540 1304 1611 poen

138 1645 177 1703 tis
193 1650 223 1702 et
241 1644 318 1702 omni
337 1645 536 1717 expectatione
556 1643 735 1701 inimicorum
755 1642 876 1715 eripuit,
898 1647 930 1699 et
942 1641 968 1697 is
981 1638 1068 1697 modo
1087 1639 1305 1701 misenenmn

141 1747 251 1807 donare
266 1748 414 1821 dignetur,
439 1752 473 1805 nt
487 1747 630 1806 roostioni
642 1763 715 1806 meae
729 1753 847 1820 sanetae,
862 1747 888 1805 si
903 1745 1000 1804 divina
1013 1746 1058 1803 sie
1071 1761 1126 1805 sus
1139 1742 1200 1805 fert
1212 1745 1304 1807 volun

137 1857 193 1925 tas,
208 1853 348 1912 inservire
362 1852 402 1911 ad
416 1852 461 1910 sui
474 1853 650 1910 sacrosancti
664 1854 788 1911 nominis
803 1852 937 1926 gloriam,
958 1849 1140 1911 subditorum
1154 1848 1304 1925 proiectum

137 1961 168 2016 ct
181 1957 281 2014 orons
301 1961 330 2015 et
349 1955 505 2015 liberorum
527 1971 676 2028 meamque
697 1957 820 2015 salntem
840 1956 897 2015 rite
911 1971 1025 2028 queem.
1062 1953 1156 2028 quue
1170 1972 1225 2030 per
1238 1971 1303 2026 oum,

138 2061 255 2135 quinos
279 2060 333 2118 sibi
348 2062 479 2135 precioso
494 2078 546 2120 sno
570 2062 711 2134 sangnine
729 2067 873 2119 mercat-ns
888 2065 947 2133 est,
966 2059 1067 2118 Jesnm
1082 2059 1239 2135 Christum,
1260 2061 1304 2120 do

138 2166 246 2224 minum
261 2170 401 2239 nostrum,
417 2166 464 2225 oui
478 2182 541 2224 cum
555 2166 657 2226 eodem
670 2172 755 2241 patre
769 2171 800 2224 et
814 2170 914 2224 saneto
933 2165 1039 2240 spiritu
1051 2165 1117 2225 laus
1131 2166 1174 2225 sit
1186 2172 1218 2227 ot
1230 2167 1304 2227 bone

137 2269 225 2328 dictio
239 2269 271 2326 in
285 2270 390 2329 secula.
413 2270 516 2329 Amen.
1267 2291 1276 2305 ’

229 2372 350 2432 Domine
366 2374 446 2448 deus,
464 2375 516 2447 da,
531 2392 589 2434 non
605 2376 682 2449 quod
697 2380 783 2435 antea
798 2374 883 2448 quid,
903 2374 1019 2431 interim
1034 2378 1086 2431 aut
1102 2372 1224 2448 posthac
1237 2388 1301 2431 mor·

138 2477 204 2536 talis
224 2494 314 2536 sanus
337 2478 438 2537 statuit
459 2486 601 2539 statuetse
625 2479 736 2552 facere,
760 2480 812 2538 sed
836 2480 914 2551 qnod
938 2478 986 2536 ille
1008 2493 1062 2536 nos
1077 2477 1204 2553 edocuit,
1227 2494 1302 2555 snper

137 2600 222 2658 quem
237 2586 267 2641 in
274 2584 401 2642 Jordane
415 2586 532 2658 spiritus
548 2591 614 2643 tuus
628 2586 720 2644 bonus
735 2587 813 2643 risus
826 2589 871 2643 est
884 2588 914 2641 et
928 2599 1014 2656 quem
1029 2599 1119 2641 unum
1133 2585 1231 2657 patria
1244 2598 1302 2642 vose

137 2705 189 2747 nos
205 2689 305 2748 audire
320 2690 493 2764 precepisti,
517 2692 618 2748 Arnen.

227 2792 298 2850 Cum
312 2793 440 2852 loannes
462 2794 572 2852 Nellins
594 2795 775 2853 amanuensis
794 2802 893 2854 noster
922 2797 963 2852 24
983 2792 1138 2852 Februarii
1162 2810 1240 2852 anno
1256 2798 1303 2851 ete.

143 2900 182 2955 49
199 2898 348 2957 itinerario
371 2899 437 2956 hnic
456 2904 630 2970 postremam
651 2917 764 2959 manuni
789 2900 983 2974 imposuisset,
1008 2898 1150 2971 postridie
1173 2900 1235 2971 ejus
1255 2897 1304 2957 diei

139 3001 299 3075 Philippus,
315 3002 443 3060 loannes
464 3009 494 3067 et
508 3003 680 3063 Franciscus
701 3006 819 3063 comites
834 3005 864 3062 in
880 3002 1020 3062 Waldeck
1038 3000 1146 3061 fratres
1161 3005 1253 3063 nostri
1265 3017 1304 3060 eo

139 3104 203 3164 dem
218 3107 348 3179 genitore
369 3108 516 3166 nobiscnm
538 3111 593 3168 sati
611 3111 734 3183 primum
756 3110 887 3169 dotalitia
906 3109 1004 3167 uxoris
1026 3112 1136 3166 nostra
1151 3108 1304 3169 eamme

138 3213 219 3287 (licet
242 3213 374 3271 malevoli
395 3220 424 3271 et
444 3214 548 3286 quibus
568 3215 722 3274 eoncordia
743 3213 864 3273 fratrum
879 3230 939 3273 non
952 3213 1067 3272 lucrosa
1081 3213 1183 3275 futura
1195 3214 1304 3274 timebo-

138 3323 186 3377 tnr
200 3318 230 3375 in
246 3321 361 3378 tertium
377 3336 467 3392 nsque
483 3337 590 3378 annum
604 3321 671 3378 hnic
685 3322 804 3394 negocio
819 3316 997 3391 obstiterint)
1021 3324 1051 3376 et
1066 3320 1127 3378 suis
1141 3319 1305 3397 syngraphis

139 3428 169 3480 et
183 3423 284 3495 ughis
298 3423 512 3483 confirmarunt.
552 3426 736 3500 Quapropter
751 3431 781 3484 et
795 3441 859 3499 ego,
875 3430 1012 3498 expertus
1026 3441 1085 3483 non
1100 3425 1238 3487 conlundi
1250 3425 1304 3500 qni·

138 3543 250 3599 cunque
274 3535 426 3602 expectant
446 3530 604 3603 dominum,
629 3536 741 3603 patrem
764 3531 870 3589 domini
890 3535 920 3586 et
940 3527 1108 3591 liberatoris
1130 3532 1224 3593 nostri
1243 3532 1305 3590 lesu

137 3630 244 3690 Christi
268 3649 332 3690 cum
354 3632 485 3693 filiosuo
512 3634 696 3694 dilectissimo
716 3644 746 3695 et
765 3636 868 3709 spiritu
887 3641 988 3692 saneto
1003 3632 1161 3711 confiteor,
1182 3637 1268 3697 laudo
1281 3644 1305 3695 et

135 3737 277 3797 benedico
290 3738 321 3795 in
336 3746 438 3797 cunda
454 3740 550 3798 secula
565 3742 734 3800 seculorum.
758 3741 859 3798 Arnen.

227 3843 330 3900 Actum
347 3842 499 3902 Corbachii
522 3845 552 3902 in
566 3846 682 3904 archivo
698 3847 838 3905 litterario
854 3853 952 3905 nostro
967 3847 1172 3920 inpraesentia
1185 3848 1241 3907 mei
1255 3847 1304 3905 En·

139 3946 199 4005 buli
215 3954 245 4006 et
259 3949 418 4006 Hermanni
433 3965 469 4007 ao
483 3950 604 4009 Joannis
620 3950 789 4024 Nelliornm,
805 3967 1007 4025 germanorum
1022 3949 1156 4025 flatrum,
1174 3953 1241 4013 dum
1254 3952 1302 4012 llo

139 4053 282 4109 manensis
308 4053 410 4111 cohors
437 4054 572 4112 Sathante
593 4061 684 4114 oestro
710 4057 835 4130 percitus
856 4057 1003 4116 interitum
1027 4057 1178 4117 inteutans
1199 4056 1299 4119 interim

142 4154 228 4211 remis
247 4156 374 4229 velisque
395 4158 461 4216 huic
475 4157 581 4233 oppido
602 4159 738 4220 invehere
765 4167 898 4235 conatur,
929 4161 1007 4235 qnod
1024 4159 1182 4236 prohibeat
1199 4165 1240 4237 is,
1258 4158 1298 4235 gai
1333 4216 1335 4251 ÷
