2678 4546
609 64 674 131 107

48 264 115 305 eum
129 246 273 307 accedere
287 247 449 308 volentibus
462 247 576 307 obviam
591 245 683 307 factas
698 251 752 307 ait:
770 248 865 321 Quid?
880 266 947 308 num
962 268 1013 309 vos
1025 253 1157 325 querelas
1173 253 1224 312 ad-

48 347 155 411 fertis?
170 353 237 412 Jrnn
251 355 348 411 animo
362 357 518 411 statueram
534 354 594 425 ipse
610 370 664 426 ego
674 353 753 413 vobis
769 357 876 427 scripta
891 354 1036 429 exhibere,
1051 363 1166 429 quantis
1181 363 1224 417 in-

47 458 135 531 juriis
157 456 269 517 subditi
291 460 384 517 rasni
405 475 424 517 a
442 459 594 519 comitibus
616 457 792 530 affidantm3
815 465 846 518 et
866 460 943 533 qaod
966 477 1011 519 me
1032 463 1107 521 male
1128 462 1225 536 babet,

14 608 18 619 .
51 578 126 621 uxor
146 565 293 636 praeterea
311 565 425 622 comitis
439 562 571 621 Wolradi
591 565 785 622 contumacius
805 564 843 623 ad
863 581 942 623 meos
962 565 1141 625 consiliarios
1160 583 1225 640 per·

10 712 12 719 .
53 668 180 740 scripsit
219 665 280 726 Sed
300 662 400 741 modo,
424 668 533 741 inquit,
554 666 591 725 de
613 668 659 725 his
682 668 767 726 latins
791 668 886 727 dicere
909 685 966 728 non
989 675 1084 743 vacat,
1108 671 1227 743 posthac

10 816 21 825 .
56 776 150 830 omnia
164 771 248 831 vobis
267 771 389 847 legenda
408 771 558 831 exhibebo.
594 771 668 831 Nam
688 779 751 830 erat
772 776 868 832 nescio
889 790 945 847 qno
965 775 1105 834 abituras.
1135 776 1227 835 Juesit

10 892 19 927 ’-
56 878 143 951 igitur
162 892 260 935 comes
282 892 301 936 s
320 877 435 937 Nasson
455 893 508 949 per
527 876 662 935 Lindiam
685 879 802 935 comites
822 877 994 937 aWaldeck
1014 879 1052 939 ad
1075 880 1227 953 prandium

59 984 144 1054 ipsius
167 985 283 1057 venire,
306 982 448 1056 audituri,
472 980 542 1055 quid
563 982 693 1054 responsi
716 997 735 1039 a
758 980 927 1041 Coloniense
949 987 1126 1057 acceperint,
1150 985 1227 1058 qnod

60 1091 85 1144 et
97 1085 209 1146 iactmn
222 1091 276 1146 est.
306 1088 440 1147 irritatus
456 1091 501 1145 est
515 1084 610 1145 autem
625 1086 770 1145 Adrianus
790 1104 808 1146 a
828 1088 948 1146 Zertzen
970 1086 1007 1148 ab
1026 1094 1226 1163 conternptunr,

61 1195 88 1250 ut
99 1192 164 1264 ipse
179 1192 293 1268 ajebat,
315 1193 414 1251 uxoris
428 1188 480 1251 lilii
495 1193 540 1249 sui
554 1190 723 1251 Hermanni.

146 1294 251 1355 domm
266 1296 435 1356 wilhelmus
450 1312 468 1354 a
482 1295 599 1354 Nassan
620 1296 680 1368 jam
700 1297 760 1369 agit
774 1297 868 1355 etatis
883 1313 942 1355 sue
963 1314 1068 1358 annum
1083 1299 1226 1371 sexagesi-

62 1415 132 1459 num
149 1398 308 1459 secundm
322 1406 353 1460 et
370 1398 425 1459 luit
439 1416 578 1460 annorum
592 1399 699 1473 decem,
716 1400 782 1458 duna
797 1401 826 1459 in
841 1402 934 1460 aulam
951 1402 1088 1462 Ludoviei
1103 1403 1228 1463 Palatini

62 1504 193 1565 electoris
209 1503 367 1565 deveniret.

147 1609 272 1669 Centum
286 1609 375 1670 libras
389 1612 472 1685 cupri
486 1626 538 1669 sex
551 1608 670 1669 thaleris
685 1610 782 1668 venire
797 1609 898 1669 eadem
913 1626 931 1668 a
945 1608 1152 1670 mercatoribus
1167 1611 1228 1684 eius

61 1715 169 1775 metalli
182 1716 353 1787 accepimus.
397 1714 546 1774 Peditatns
565 1718 745 1774 'cesarianus
766 1715 874 1774 ciuitati
889 1715 981 1774 Ulmae
1003 1732 1108 1787 magna
1121 1717 1226 1773 iucom-

60 1820 145 1895 modn
158 1817 269 1879 inferre
283 1818 396 1879 dicitur.
435 1820 571 1879 Civitates
587 1820 671 1879 Ulma
686 1826 716 1879 et
728 1821 861 1893 Augusta
884 1835 947 1877 cum
969 1820 1115 1879 cardinale
1129 1820 1227 1893 Augu·

63 1930 145 1985 atauo
157 1926 190 1985 in
200 1926 469 1998 hocconveuerunt,
479 1932 512 1984 ut
521 1922 759 1983 emaumforaneos
774 1929 804 1982 et
818 1925 923 1997 passim
939 1925 1109 1983 cursitantes
1124 1923 1228 1981 milites

63 2030 253 2104 spicularum
267 2029 433 2102 sauguinem
449 2035 613 2105 exugentes,
629 2032 659 2087 ni
674 2030 797 2103 principi
816 2031 902 2088 alicui
921 2028 1027 2087 addicti
1047 2028 1105 2086 sint
1119 2030 1226 2103 stipen-

63 2135 111 2195 dia
122 2135 264 2209 meritum,
279 2140 310 2195 ct
323 2135 354 2193 in
367 2136 426 2195 suis
440 2135 573 2194 dominiis
588 2135 729 2208 expoliari
744 2139 774 2192 et
787 2134 859 2193 caedi
872 2134 977 2205 ubique
992 2132 1152 2192 admittant.

147 2239 336 2299 Atrebatensi
352 2241 490 2314 scriptam
510 2238 739 2313 supplicatione,
769 2245 855 2313 prout
870 2245 1079 2309 statueramus,
1103 2239 1229 2298 rsondum

10 2346 13 2395 ἰ
63 2342 190 2405 oblatum
204 2347 259 2403 cst
282 2340 385 2403 &mes
400 2342 515 2409 Samuel
528 2344 559 2402 in
574 2361 624 2402 rus
639 2344 759 2417 abierat,
784 2360 874 2415 quare
888 2342 1035 2402 nobiscum
1050 2344 1127 2417 apud
1142 2344 1228 2403 comi-

10 2434 19 2501 ἶ»
64 2454 121 2509 tam
134 2448 175 2509 ab
188 2448 329 2509 Anaxom
344 2463 401 2507 non
416 2454 463 2507 cst
475 2463 606 2521 pransus.
1106 2508 1111 2517 ,

148 2552 261 2613 Eadem
283 2552 384 2613 iberos
404 2568 457 2626 pro
479 2568 579 2612 eornm
602 2568 681 2611 nore
703 2553 769 2628 pilae
792 2552 857 2611 lusa
879 2568 910 2612 se
925 2553 1084 2610 exercitare
1098 2549 1229 2610 vidimus.

10 2638 15 2653 ⁸
61 2660 136 2723 Sunt
148 2666 248 2720 autem
262 2660 330 2733 pilus
344 2674 442 2719 corum
457 2658 612 2719 dicerem
627 2660 742 2731 nostris,
757 2672 824 2716 nam
839 2656 915 2731 globi
930 2657 1052 2715 conscei
1067 2659 1133 2715 suut
1144 2656 1230 2729 justae

40 2810 43 2815 -
59 2765 268 2842 muraenis
281 2770 396 2825 tentum
408 2780 462 2837 per
476 2761 600 2824 fistulam
614 2769 700 2823 vento
716 2759 815 2821 inflato
830 2767 981 2821 tumentes.

148 2868 352 2931 Ferdinnndus
362 2884 415 2929 rex
426 2869 549 2929 statibus
563 2869 674 2941 imperii
683 2868 821 2927 nonnulla
830 2869 861 2924 in
875 2866 960 2926 darno
975 2866 1118 2924 senatoria
1128 2881 1231 2939 propo

32 2998 36 3005 ·
56 2976 125 3052 salt,
141 2974 263 3049 scilieet,
280 2976 349 3049 quia
362 2975 394 3033 in
406 2974 535 3035 meminis
551 2980 581 3033 et
594 2970 753 3032 confinibus
768 2972 928 3030 Turcarum
947 2987 1099 3044 regnorum
1115 2986 1231 3030 suorum

36 3096 39 3101 '
55 3086 90 3145 lt
102 3084 136 3143 in
151 3082 276 3155 Vienna,
291 3079 496 3149 Pannoniaeet
509 3079 573 3138 aliis
587 3078 656 3138 locis
678 3075 865 3135 adtuendam
880 3077 1025 3135 nationem
1040 3076 1230 3147 gemianicam

43 3192 88 3249 -ot
101 3188 251 3249 numa
272 3185 429 3245 ehrmtiano
452 3184 523 3245 orbe
545 3200 581 3243 ex
602 3183 656 3242 hac
680 3188 763 3257 parte
784 3182 922 3240 arcendos
942 3182 1115 3240 munitiones
1138 3181 1232 3238 extrui

56 3304 168 3367 magno
183 3304 303 3349 suornm
318 3288 483 3364 dispendio,
506 3305 626 3364 quorum
641 3295 770 3363 sumptus
786 3294 909 3360 quatuor
923 3286 1058 3345 miriades
1074 3286 1137 3344 auri
1151 3301 1233 3344 exco-

48 3388 176 3469 ''dereut
191 3394 347 3455 curaverit
379 3393 452 3453 Item
466 3393 651 3453 haereditaria
666 3410 757 3468 regna
771 3399 801 3451 et
819 3393 938 3451 ducatus
952 3393 1041 3465 ipsius
1056 3393 1129 3451 adeo
1145 3393 1233 3451 conti

44 3486 55 3567 ’ζ
98 3504 107 3519 ’
139 3500 304 3561 Turcarnm
319 3498 486 3558 excursibus
501 3503 532 3557 et
550 3498 797 3558 enunciationibus
812 3499 968 3571 exagitari,
999 3504 1030 3555 ut
1046 3500 1093 3554 vix
1108 3513 1232 3569 unquam

53 3590 58 3595 ¹
129 3606 282 3679 respirare
296 3604 390 3663 dean.
413 3603 459 3663 Ad
474 3604 536 3662 brea
549 3605 680 3664 inducias
695 3603 921 3677 quinquennales
933 3603 1008 3660 inter
1017 3603 1166 3659 ancicum
1182 3603 1233 3658 inr-

45 3748 59 3795 .'
130 3719 229 3773 torem
249 3716 281 3770 et
301 3708 444 3769 casuum
463 3724 499 3768 uc
518 3709 731 3769 Ferdinandum
755 3711 963 3782 intercessisse,
995 3710 1075 3781 cujus
1097 3707 1233 3777 temporis

65 3812 119 3877 bes
132 3819 197 3891 jum
211 3830 288 3890 pene
302 3813 371 3873 anni
387 3815 477 3888 elapsi
492 3815 558 3873 sint.
586 3815 641 3873 Vir
656 3815 743 3887 igitur
757 3815 787 3871 in
801 3815 919 3887 reliquis
929 3813 1039 3872 duobus
1048 3812 1130 3870 annis
1144 3826 1231 3881 uppu-

51 3902 157 3981 ibum
173 3904 242 3979 balli
256 3920 423 3994 recuperari
445 3935 538 3994 posse.
576 3920 691 3993 Rogare
713 3919 800 3992 igitur
819 3920 997 3992 majestatem
1020 3932 1099 3976 suam
1119 3929 1176 3985 qao
1197 3914 1233 3972 ad

57 4012 251 4111 litsereienda
269 4024 332 4083 luce
351 4024 530 4087 incommoda
551 4029 581 4084 et
601 4022 829 4097 praeveniendam
853 4023 1010 4080 Turcerum
1033 4018 1233 4077 truculentiam

62 4124 157 4195 'heus
171 4132 286 4205 imperii
308 4145 419 4191 summo
439 4130 537 4203 aliqua
556 4128 736 4204 pecuniaria,
759 4143 823 4199 quae
838 4132 934 4185 tamen
949 4126 979 4183 in
994 4138 1096 4183 nervos
1111 4122 1206 4182 bellil
1222 4156 1235 4167 ·
