2678 4546
88 181 267 244 solummodo
280 188 313 243 ut
327 186 393 243 oret
405 183 437 242 iu
450 178 508 242 fide
524 179 641 242 Christi
672 177 792 240 Duabus
811 183 910 240 autem
927 178 1017 240 rebus
1031 184 1080 241 est
1094 186 1128 241 tt

89 291 193 363 oratic,
207 304 268 347 una
281 293 314 348 nt
328 303 413 348 orans
428 289 602 362 meminerit,
624 303 656 346 se
670 303 688 345 a
702 287 766 346 Deo
781 302 834 360 per
848 287 982 346 meritum
997 285 1128 348 Christi*

88 397 118 454 iu
134 409 191 468 quo
204 400 288 468 pater
309 411 341 454 se
355 411 407 454 nos
422 394 624 455 exauditurum
644 393 825 468 repromisit,
849 392 943 451 altera
965 392 1046 466 quod
1067 392 1128 453 Chr

89 516 174 560 orare
186 501 305 573 iusserit
321 504 350 558 et
364 498 431 558 huic
445 502 584 560 innitetur
598 499 789 575 promissioni,
806 497 884 571 quod
895 497 1028 557 dominus
1043 499 1128 558 Jesus

93 604 257 679 «Quicquid
265 607 523 679 petieritisapatre
533 608 648 667 nomine
656 621 730 678 meo,
739 602 898 678 credentes,
907 602 989 662 dabit
997 603 1114 664 vobis.»

90 713 179 786 igitur
194 728 251 771 non
267 711 373 770 debere
389 711 530 785 dubitare,
546 713 620 770 sicut
634 727 709 770 nunc
724 708 854 768 nonnulli
865 709 1034 768 docentetc.
1059 710 1128 770 Itu

89 823 197 878 nosne
216 819 350 891 justitiae,
374 817 513 892 probitati
532 822 583 875 aut
601 815 747 876 deuotioni
770 816 830 874 sive
850 815 1004 874 intentioni
1023 815 1128 876 boun]

88 930 238 998 oportere,
266 928 316 982 aut
336 921 424 982 alium
448 928 556 997 praeter
577 921 723 982 Christum
748 923 952 997 opitulatorem
971 922 1019 982 vel
1043 924 1128 983 inter

88 1046 230 1104 quarere.
263 1028 337 1103 Sed,
363 1029 491 1102 inquies,
520 1027 598 1103 quid·
611 1027 766 1103 petendum
794 1033 845 1088 ant
867 1026 1011 1101 quomodo
1036 1029 1128 1090 orsnd

91 1133 239 1195 Orandm
254 1140 307 1207 est,
323 1135 426 1209 inquit,
440 1134 494 1193 tibi
505 1136 589 1208 juxta
604 1133 917 1211 prsesoripmmChristi
931 1140 961 1193 et
969 1135 1128 1196 voluntate

89 1243 131 1300 sic
151 1242 228 1300 enim
250 1239 412 1300 exaudieris
436 1256 490 1300 nec
509 1241 584 1300 ullus
603 1257 730 1314 unquam
752 1241 854 1301 melior
875 1241 1015 1313 magister
1028 1239 1123 1301 fuerit

89 1343 175 1406 bendi
194 1345 310 1406 modum
329 1347 485 1421 orationis,
512 1363 546 1406 ac
568 1345 697 1407 Christus
713 1347 784 1420 ipsa.
816 1345 893 1405 Nam
911 1348 942 1406 in
956 1348 1093 1408 oratioue
1116 1348 1128 1407 i

91 1466 268 1526 quacunque
287 1450 342 1510 Dei
365 1453 457 1526 petris
477 1449 615 1512 honorem
638 1460 668 1512 et
681 1451 858 1512 uoluntatem
873 1457 902 1511 et
915 1458 981 1512 tuas
996 1456 1128 1514 necessit

89 1563 221 1632 cernunt,
243 1556 340 1617 habes.
379 1555 410 1618 Si
429 1558 605 1632 interroges:
632 1557 707 1630 Quid
727 1562 823 1618 autem
845 1573 974 1631 queram
997 1559 1030 1617 in
1050 1559 1128 1619 calar

89 1662 245 1727 aerumnis?
269 1663 371 1737 Quaere
387 1662 532 1722 Christum
553 1679 634 1737 seque
650 1679 685 1722 ac
699 1665 730 1722 in
744 1665 901 1739 prosperis,
923 1670 952 1723 et
973 1664 1060 1738 pulsa
1082 1666 1128 1726 hot

88 1773 156 1848 Ipso
170 1771 246 1831 euim
262 1776 306 1831 ast
321 1769 441 1842 ostium,
462 1785 516 1844 per
530 1768 607 1842 quod
622 1769 671 1842 qui
686 1785 744 1828 non
759 1769 916 1842 introierit,
943 1768 1039 1828 Deum
1058 1770 1128 1832 vide'

88 1868 183 1953 qnam.
221 1877 287 1950 Ipse
309 1877 374 1950 uia,
398 1875 505 1935 venitm
526 1881 555 1935 et
577 1878 645 1935 vita.
674 1872 757 1946 Quod
772 1890 886 1948 quoque
907 1890 1008 1934 rursus
1023 1875 1128 1936 domim

88 1998 142 2042 sua
156 1982 261 2056 repetit
276 1980 386 2041 dicens:
411 1980 466 2053 Qui
486 1981 574 2054 petit,
597 1980 718 2054 accipiet
737 1968 817 2054 eto,
832 1984 878 2040 est
898 1995 934 2040 ex
952 1978 1128 2048 ineffabili-s

90 2089 182 2147 nostri
197 2086 268 2146 lesu
284 2084 390 2145 Christi
406 2100 475 2159 erga
490 2101 542 2144 uos
558 2085 698 2144 charitate
713 2084 882 2160 profectum,
904 2103 962 2160 quo
984 2102 1040 2147 nos
1054 2094 1115 2149 tam

88 2190 324 2267 promissionibus
346 2189 384 2249 ad
406 2191 545 2250 instanter
566 2189 709 2250 orandum
724 2191 862 2253 alliceret.
903 2192 1069 2254 Ostendens
1090 2212 1128 2268 qu

88 2297 215 2358 coelestis
230 2295 339 2356 nullum
353 2297 513 2370 rejecturus
528 2298 575 2371 sit,
591 2297 786 2372 cuiuscunque
801 2297 972 2359 conditionis
986 2301 1037 2373 sit,
1051 2300 1128 2360 mods

88 2403 220 2463 meritum
237 2408 266 2462 et
278 2401 497 2477 promissionem
513 2400 621 2461 Christi
639 2404 773 2462 oraverit.
797 2403 887 2464 (irata
901 2404 990 2478 igitur
1004 2406 1128 2467 inomni

87 2511 179 2587 speris
194 2515 223 2569 et
237 2509 367 2570 adversis
383 2513 413 2567 et
426 2508 537 2567 unicam
554 2507 676 2583 gloriam
693 2509 800 2570 Christi
815 2517 844 2572 et
859 2512 982 2572 salutem
1000 2521 1128 2575 vestram

87 2623 116 2677 at
125 2615 290 2677 ardentibus
299 2617 374 2676 votis
383 2617 487 2676 ostium
496 2615 611 2674 unicum
621 2616 659 2676 ad
668 2615 755 2676 vitam
764 2616 886 2692 pulsate.
902 2617 1060 2680 Hoonobis
1070 2619 1126 2678 don

90 2724 224 2781 nissimus
239 2729 323 2796 pater
336 2723 461 2783 coelestis
474 2738 526 2796 per
538 2722 556 2782 J
559 2737 639 2782 esum
651 2721 739 2782 filium
752 2738 834 2782 suum
848 2722 993 2782 dominum
1005 2732 1128 2785 nostrum

180 2826 304 2886 Ostende
328 2827 410 2900 mihi,
437 2826 564 2902 domine,
591 2830 665 2888 viam
681 2835 774 2902 tuam,
800 2836 832 2889 ut
851 2828 993 2888 ambulem
1014 2831 1047 2890 in
1068 2832 1128 2891 veri

89 2930 226 2992 confirma
246 2948 296 2991 cor
317 2946 410 2991 meuru
431 2933 514 2993 unico
530 2933 700 3008 verbotuo,
722 2940 754 2993 ut
769 2949 882 3009 semper
895 2939 926 2994 et
940 2935 1050 3009 ubique
1066 2953 1128 2996 nom

88 3053 217 3097 venerer.
251 3037 299 3110 Et,
316 3036 430 3097 domine
445 3036 523 3097 Deus
539 3055 657 3115 magne,
681 3041 755 3100 bone
771 3046 801 3100 et
815 3039 988 3114 misericors,
1013 3042 1128 3103 sibene

87 3142 139 3203 tibi
154 3141 217 3216 fuit,
234 3157 331 3202 servos
347 3147 411 3202 tuos
426 3143 457 3201 iu
470 3116 617 3217 Babylone
632 3161 686 3219 per
701 3146 855 3205 Jeremiam
875 3143 1034 3207 admonere
1049 3163 1128 3208 orare

87 3248 147 3306 luta
162 3248 240 3321 regis
256 3247 347 3322 illins,
373 3265 449 3308 nunc
470 3265 583 3322 quoque
606 3256 636 3308 et
649 3254 707 3310 tuae
728 3256 859 3324 paternae
872 3251 1018 3313 voluntati
1038 3253 1128 3315 nond

89 3348 255 3411 confidimus
275 3358 304 3411 to
327 3360 357 3413 et
377 3369 429 3428 pro
454 3354 614 3414 domesticis
637 3356 743 3414 nostris
765 3372 859 3415 orare.
897 3356 990 3430 Igitur
1009 3359 1050 3419 oh
1064 3376 1128 3420 mar

88 3457 130 3516 tui
146 3456 322 3517 dilectissimi
337 3457 444 3518 domini
461 3460 551 3519 nostri
566 3459 585 3518 J
587 3476 638 3518 esu
653 3457 759 3520 Christi
780 3467 809 3521 et
824 3462 1046 3537 promissionem
1061 3471 1091 3526 ot
1102 3467 1128 3541 jt

88 3562 136 3637 qui
161 3562 273 3621 mentiri
299 3580 356 3622 non
371 3570 469 3639 potes,
494 3580 530 3623 er
550 3565 614 3623 imis
634 3566 721 3624 animi
741 3568 815 3626 votis
840 3568 1048 3646 deprecamur,
1071 3574 1128 3648 imp

86 3685 187 3745 regum
203 3675 233 3729 et
247 3671 465 3744 magistratuum
484 3677 655 3746 nostrorum,
672 3672 725 3730 suh
735 3689 857 3746 quornm
871 3678 1048 3747 potestatem
1064 3693 1117 3737 nos

86 3777 214 3851 voluisti,
236 3776 375 3834 miserere
395 3776 550 3836 secundum
570 3779 779 3839 misericordias
801 3786 867 3840 tuas
882 3781 1018 3853 antiquas
1034 3784 1128 3858 princi

86 3890 211 3944 utrorum
226 3882 413 3955 captivorum,
431 3883 583 3943 recordare
599 3890 628 3943 et
642 3886 734 3944 nostri
749 3889 778 3942 et
793 3883 869 3944 domi
883 3884 1091 3949 derelictorum
1105 3889 1128 3966 (t

89 4004 138 4048 nss
152 3989 275 4065 populus
291 3993 357 4047 tuns
373 3993 403 4046 et
417 4003 485 4046 oves
500 4004 613 4060 pascue
629 3994 687 4047 tuae
702 3989 811 4065 sumus)
827 3996 980 4078 paternam
994 3995 1128 4054 curamh

89 4106 145 4164 quc
158 4094 262 4154 iterum
275 4101 364 4169 atque
384 4095 489 4154 iterum
508 4109 560 4167 per
579 4094 753 4156 laetissimam
773 4095 825 4157 filii
840 4099 882 4157 tui
896 4097 1128 4177 triumphalemr
