2678 4546
201 231 253 289 xix
265 230 352 308 Maii,
375 247 440 307 qum
463 236 528 291 erat
542 231 571 291 d.
587 230 727 292 Potentiae
751 231 830 308 dies,
852 233 970 308 virginis
991 233 1068 292 illius
1088 232 1284 307 mnotbsimae,

107 351 171 396 uon
185 337 258 411 ejus,
275 354 339 411 qnae
353 338 470 398 Interim
492 337 563 397 illud
584 354 636 397 sua
658 340 788 413 potentia
802 337 914 413 paridis
930 336 1037 398 Obristi
1052 336 1171 398 oviculis
1187 338 1285 398 obtru-

107 440 163 516 dit,
187 457 310 516 quaeque
330 458 394 501 cum
418 444 477 501 suis
496 444 613 504 asseclis
631 443 799 519 arrogantia
818 450 848 504 et
861 444 1003 519 philautia
1018 441 1079 502 fere
1094 441 1157 502 sola
1171 448 1284 517 regnat,

106 546 157 604 cui
171 562 205 605 se
218 547 363 622 principes
377 546 517 623 pontificii
525 555 555 609 et
568 551 657 608 nostri
673 547 734 608 fere
750 565 848 608 ornnes
863 565 943 609 nunc
954 565 985 608 se
1000 548 1182 622 addixerunt,
1199 562 1285 622 quarn

106 658 138 711 et
153 658 346 728 venerantur,
370 654 548 713 admirantur
562 660 593 715 et
606 654 745 727 adorant,
763 655 966 728 exntimantes,
983 669 1046 713 cum
1060 652 1191 713 Christus
1206 652 1285 711 dixe·

104 758 160 816 rit:
183 757 316 831 Regnum
329 774 425 817 meum
439 776 498 818 non
512 764 557 818 est
571 758 607 818 de
622 759 675 818 hoc
691 759 814 833 mundo,
837 758 894 817 illis
909 759 1084 833 conducere,
1108 759 1133 816 si
1147 758 1202 818 hoc
1215 772 1285 831 rege

102 878 123 921 a
138 867 226 936 tergo
240 863 340 921 relicto
355 863 514 938 potentiam
536 864 614 922 illam
635 865 853 939 amplectantur.
893 864 937 923 Sit
958 867 1054 922 autem
1075 878 1184 922 summo
1207 863 1285 937 patri

102 983 173 1025 eum
188 965 294 1027 dilecto
313 965 373 1027 filio
387 984 440 1028 sno
454 972 485 1027 et
498 970 602 1042 spiritu
617 975 716 1031 sancto
731 971 811 1044 laus,
836 971 904 1042 quia
925 985 984 1028 nou
1009 967 1176 1027 dormitabit
1189 983 1284 1040 neque

102 1071 248 1145 dormiet,
274 1071 323 1144 qui
337 1072 462 1132 custodit
475 1073 576 1133 Israel
607 1073 665 1132 Sed
678 1091 732 1135 rex
746 1076 794 1135 ille
809 1076 982 1147 coelestium,
998 1074 1179 1137 terrestrium
1195 1078 1225 1132 et
1238 1072 1283 1131 in·

102 1175 251 1251 ferorum,
276 1177 361 1238 Jesus
376 1176 507 1237 Christus
526 1180 643 1240 veniens
667 1181 763 1238 veniet
780 1180 913 1255 judicare
927 1179 1029 1240 aneos
1044 1179 1096 1238 hos
1113 1183 1143 1237 et
1156 1178 1284 1239 monium

101 1299 158 1357 par
172 1283 282 1357 ignem.
304 1281 358 1342 Ille
372 1284 456 1344 uobis
470 1301 507 1343 ne
521 1286 553 1343 in
567 1291 722 1358 conspectu
736 1286 841 1360 ipsius,
865 1301 929 1344 cum
944 1285 1053 1359 angelis
1068 1284 1128 1343 suis
1142 1298 1284 1358 apparac-

102 1389 153 1462 rit,
169 1385 363 1463 pudefiamus,
379 1387 476 1448 donet.

194 1491 310 1552 Eadem
336 1493 365 1553 d.
385 1493 513 1553 Joannes
533 1493 675 1553 Hauricus
700 1511 736 1554 ex
757 1510 821 1568 cap.
840 1499 879 1554 12
895 1495 934 1555 ad
948 1496 1106 1556 Romanos:
1134 1490 1280 1551 »Proinde

108 1602 260 1671 macutes
273 1598 394 1658 honesta
407 1599 439 1657 in
453 1605 608 1673 conspectu
622 1599 748 1658 omniurn
762 1599 922 1675 hominum,
946 1602 971 1659 si
985 1598 1049 1659 fieri
1063 1603 1173 1674 potest,
1190 1612 1281 1671 quan·

109 1708 167 1761 mun
180 1704 214 1761 iu
228 1703 310 1763 vobis
325 1707 378 1778 est,
394 1718 457 1762 cum
473 1704 604 1763 omnibus
623 1704 783 1764 hominibus
798 1706 915 1785 inpaoe
930 1707 1074 1778 viventes,
1099 1719 1157 1762 nou
1171 1708 1283 1762 vosmet

111 1808 185 1884 bans
199 1807 390 1867 ulciscentes«
407 1814 473 1883 etc,
489 1825 580 1883 nsque
595 1807 735 1869 adfinem
750 1812 851 1886 capitis
867 1812 1021 1871 enarravit
1045 1810 1101 1869 Hic
1115 1824 1216 1867 rursus
1232 1807 1283 1868 ad·

111 1910 189 1973 duxit
203 1913 367 1987 exemplum
381 1912 610 1988 patrisfamilias,
635 1917 684 1988 qui
698 1915 798 1976 liberis
812 1918 872 1976 suis
886 1918 989 1992 vetuit,
1014 1933 1050 1975 ne
1066 1932 1151 1989 quem
1165 1913 1282 1989 ladam

113 2024 160 2079 sm
171 2020 220 2080 vel
235 2021 442 2093 percutientem
456 2021 536 2094 ipsos
549 2022 756 2096 repercutiant,
772 2022 824 2081 sed
838 2022 863 2080 si
874 2024 937 2095 quis
946 2022 1003 2080 illis
1018 2021 1153 2095 injuriam
1167 2017 1281 2094 inierat,

111 2123 141 2183 id
152 2125 233 2198 apud
246 2130 360 2198 patrem
373 2123 496 2184 familias
512 2132 713 2198 quererentur.
751 2126 779 2184 Is
794 2142 848 2200 pro
862 2131 984 2201 paterno
1000 2126 1103 2187 ellectu
1118 2125 1206 2185 multo
1221 2142 1280 2185 ma·

111 2230 164 2289 lius
185 2230 322 2304 injuriam
343 2227 411 2289 filiis
430 2231 539 2290 illatam
557 2230 735 2305 depulsabit,
767 2248 852 2304 quarn
878 2235 976 2308 pueri,
1009 2234 1059 2307 qui
1073 2233 1173 2292 molles
1188 2230 1282 2290 adbuc

111 2339 196 2397 atate
210 2341 280 2395 sunt
293 2341 348 2395 eto.
371 2336 444 2394 Item
458 2336 514 2394 etsi
528 2334 615 2397 facies
631 2335 747 2411 benigni
761 2339 852 2412 patris
867 2337 933 2398 liliis
948 2341 979 2398 in
992 2340 1070 2415 ipsos
1084 2344 1203 2399 austera
1217 2352 1281 2397 esse

111 2439 255 2514 ducatu,
280 2444 310 2498 et
329 2440 496 2500 verberaret
519 2443 606 2499 etiam
630 2441 667 2500 ob
691 2444 870 2502 commissum
894 2443 1026 2518 aliquod,
1049 2449 1145 2502 tamen
1166 2457 1280 2515 semper

104 2559 193 2619 aqua
207 2545 299 2620 patris
315 2560 384 2619 erga
397 2543 472 2605 filios
487 2561 567 2607 meus
590 2551 642 2604 eat
681 2546 897 2607 Demonstravit
917 2564 1031 2621 quoque
1045 2563 1098 2620 per
1111 2546 1279 2620 scripturas,

110 2664 195 2723 quam
208 2650 286 2709 serio
300 2649 380 2708 Deus
395 2649 549 2709 vindictam
564 2651 608 2709 sui
622 2650 810 2724 prohibuerit.
850 2650 1027 2711 Christimus
1051 2666 1164 2710 omnem
1178 2649 1280 2722 injuri-

109 2748 155 2815 am
169 2754 226 2813 sibi
239 2754 351 2813 illamm
364 2755 509 2826 patienter
524 2753 611 2828 lerat;
635 2754 715 2814 Deus
739 2757 789 2829 qni
808 2755 862 2814 sibi
877 2763 1007 2816 reservat
1021 2756 1185 2830 vindictam,
1201 2755 1282 2815 novit

108 2858 226 2919 ultionis
240 2862 362 2931 tempus.
400 2858 462 2917 nes
484 2863 580 2918 annm
603 2859 724 2918 inimicis
744 2859 955 2920 benefaciamus
975 2868 1004 2920 et
1026 2879 1080 2936 pro
1095 2863 1137 2920 eis
1152 2877 1276 2920 oremus.

107 2960 230 3023 Dandus
245 2968 291 3022 ast
304 2964 380 3021 enim
393 2962 473 3022 locus
482 2964 534 3021 irae
541 2962 606 3037 Dei,
622 2963 700 3037 quod
715 2971 744 3024 et
758 2967 851 3026 oratio
867 2965 1074 3026 dominicanos
1089 2968 1182 3027 docet.
1207 2966 1279 3026 Ora·

104 3082 169 3135 nus
178 3069 257 3127 enim
271 3066 412 3142 quotidie:
432 3066 572 3127 »Dimitte
585 3067 668 3127 nobis
683 3068 781 3128 debita
795 3075 903 3144 nostra,
913 3071 987 3130 sicut
1002 3077 1031 3130 et
1045 3087 1098 3129 nos
1112 3071 1279 3130 dimittimus

104 3169 289 3249 debitoribus
303 3174 439 3233 nostris«
461 3171 575 3233 Monuit
588 3179 684 3232 antem
699 3190 820 3247 quorum
835 3175 957 3248 intersit,
973 3174 1118 3235 vindicare
1133 3181 1162 3233 et
1177 3179 1277 3247 quate-

102 3290 160 3339 -llls
175 3283 232 3337 etc.

97 3426 115 3447 ..
194 3382 306 3442 Allium
320 3382 351 3441 in
373 3387 472 3441 crusta
486 3383 629 3442 concisum
651 3389 681 3443 et
699 3399 752 3457 per
770 3388 882 3442 nocmm
897 3383 963 3442 vino
985 3384 1137 3445 sublimato
1152 3399 1279 3444 macera·

92 3466 167 3547 ¹'bus
182 3494 214 3546 et
232 3488 369 3547 oomnim
384 3485 570 3561 deglubetum
585 3494 686 3548 contra
701 3488 803 3546 salomi
818 3489 961 3547 eruciatus
976 3488 1052 3548 lacit

114 3594 121 3603 “
195 3593 275 3651 Dum
292 3595 370 3651 inter
389 3590 630 3653 confabulandum
644 3595 674 3651 in
690 3594 819 3652 convivio
835 3592 871 3652 de
887 3594 1036 3667 iniquitate
1052 3600 1082 3654 et
1096 3595 1218 3654 asanaa
1229 3595 1276 3667 jn·

117 3694 307 3772 aperturum
329 3701 360 3757 et
381 3697 614 3771 dorophagornm
635 3699 750 3757 illorum
770 3699 940 3772 aulicorum,
967 3699 1016 3770 qni
1030 3716 1088 3759 uon
1103 3706 1217 3758 servate
1231 3713 1277 3755 re·

120 3780 176 3873 ¹'its
190 3801 262 3864 οὔτε
276 3797 379 3864 πάντα
394 3800 465 3863 οὔτε
478 3798 569 3864 πάντι
584 3801 654 3866 οὔτε
667 3800 750 3889 παρὰ
771 3799 912 3880 πάντων,
935 3805 1017 3863 avari
1035 3804 1211 3875 marsupium
1225 3800 1276 3858 ha·

114 3894 180 3966 'ient
192 3906 230 3967 ab
246 3909 378 3967 omnibus
394 3924 475 3982 aequo
491 3908 567 3967 dona
581 3910 737 3991 rapientes,
754 3907 869 3981 quidam
884 3907 1024 3980 ejnsmodi
1038 3907 1164 3967 subulam
1178 3919 1279 3963 narra·

118 4008 162 4069 R
196 4012 275 4072 Dum
289 4013 348 4073 duo
362 4030 415 4073 nec
429 4015 449 4072 ii
463 4013 560 4086 paruis
577 4013 713 4071 derebus
731 4012 839 4085 judicio
855 4013 1075 4085 contenderent,
1098 4011 1176 4084 prior
1187 4009 1276 4081 luris-

109 4092 257 4193 {sarsana
280 4135 370 4192 aquo
384 4118 533 4177 consilium
547 4117 685 4193 petierat,
709 4116 810 4176 bovem
829 4120 916 4190 juste
931 4114 1134 4189 magnitudinis
1150 4115 1277 4188 donavit,

155 4232 267 4276 worma.
1045 4224 1062 4280 7
