2678 4546
604 60 649 124 29

76 259 109 304 se
126 243 211 303 dixit.
236 241 433 302 domitabatar
448 247 478 301 et
494 242 571 300 bunc
584 239 720 301 Nicotaus
733 240 833 304 Gallus
852 244 1074 304 Monosteriensi
1093 246 1211 319 praesuli

76 348 206 423 edibus,
226 347 387 408 Herbertus
402 365 420 408 a
436 348 569 421 Laudan,
592 350 641 420 qui
655 352 685 406 et
699 365 757 409 una
777 349 887 410 dnobus
906 351 951 410 his
970 350 1115 424 praedictis
1135 351 1210 411 Mal·

76 471 93 512 n
110 456 248 529 petierat,
264 453 368 513 ibidem
385 456 444 514 vita
458 454 589 513 excessit.

124 559 237 620 Eadem
252 560 344 619 nostri
360 558 505 618 doctorem
520 558 620 618 Hasen
636 558 803 633 consulunt,
824 563 847 620 is
861 562 944 634 jubet
959 564 1082 636 priorem
1099 566 1207 639 suppli·

76 667 178 726 ionem
193 668 309 726 iterare.

124 770 196 831 Cum
210 777 322 845 tempus
336 772 449 844 prandii
464 773 585 830 instaret
601 771 684 830 nobis
700 772 797 830 insciis
813 772 981 832 Wilbelmus
996 790 1118 834 comesa
1133 775 1207 834 Wit-

76 877 179 950 amin,
201 877 350 953 Philippus
370 895 389 938 a
407 876 568 950 Homberg,
589 877 716 938 Joannes
738 895 832 938 comes
851 897 870 939 a
888 882 1050 956 Rethborg,
1074 880 1152 940 Dido
1171 882 1208 942 de

76 982 241 1056 dephausen
262 989 293 1043 et
313 985 440 1043 ioannes
461 983 547 1057 Hagk
570 985 742 1044 secretarius
767 988 900 1045 comitum
923 1004 941 1046 a
962 987 1038 1047 Hoia
1060 986 1207 1047 nobiscnm

76 1088 169 1147 msuri
185 1090 310 1147 veniunt.
335 1089 383 1148 Fit
397 1091 507 1164 potatio
523 1088 681 1148 liberalior.
883 1165 886 1175 Ι

92 1249 96 1252 .
119 1192 258 1254 Induciae
273 1195 499 1269 quinquennales
514 1195 589 1254 inter
604 1194 819 1268 imperatorem,
843 1193 1038 1257 Romanorum
1053 1213 1151 1271 regem
1175 1202 1205 1256 et

76 1301 188 1359 rmcnm
204 1315 337 1360 cesarem
353 1307 510 1360 renovatae
526 1301 668 1360 dicuntur.

118 1404 234 1464 Eadem
247 1411 315 1464 ante
330 1421 423 1465 emam
439 1405 612 1479 bibliopolae
628 1406 691 1482 (qui
704 1406 779 1465 forte
793 1408 970 1481 papistarum
982 1410 1105 1481 gratiam
1118 1424 1206 1468 eena-

76 1508 129 1586 nr)
151 1510 275 1570 vidimus
290 1511 387 1571 icones
406 1512 526 1571 loannis
547 1511 687 1571 Friderici
709 1511 841 1570 electoris
862 1518 891 1572 et
912 1513 998 1572 Turci
1024 1515 1207 1588 imperatoris

76 1606 177 1686 mutuo
193 1617 337 1683 intuentes
352 1633 516 1692 suspensas,
533 1615 609 1690 quod
624 1616 760 1690 probrum
776 1619 895 1691 piissimi
910 1620 1047 1695 principis
1063 1637 1120 1680 nou
1135 1622 1201 1681 abs·

76 1743 81 1780 a
97 1723 193 1783 animi
208 1721 306 1782 dolore
321 1722 461 1797 videntes,
478 1721 576 1783 ambas
591 1740 641 1782 eas
657 1722 740 1784 nobis
757 1724 883 1782 emimus

115 1829 267 1901 Propitius
283 1833 344 1888 esto
360 1828 472 1889 domine
488 1836 604 1902 peccato
620 1836 732 1902 nostro,
757 1830 876 1889 multum
898 1837 941 1888 est
962 1832 1051 1904 enim,
1074 1831 1110 1891 da
1130 1833 1204 1890 cari·

76 1951 117 2001 am
133 1950 195 1994 non
209 1933 313 2007 fictam
330 1936 368 1995 da
382 1935 477 1995 odisse
492 1934 596 1993 malum
613 1942 642 1994 et
657 1935 816 1995 adhaerere
831 1934 915 1995 bono.

117 2041 203 2112 xxiiij
218 2042 327 2115 Aprilis
343 2040 381 2100 ad
394 2041 431 2098 D.
449 2042 616 2100 Mauritium
632 2041 748 2114 quidem
763 2042 862 2100 concio
877 2039 978 2115 fiebat,
995 2047 1026 2098 at
1041 2042 1077 2101 ob
1093 2040 1205 2101 Liborii

76 2146 247 2220 ritudinem,
266 2147 314 2219 qui
329 2149 433 2205 misere
449 2145 559 2205 calculo
569 2146 760 2219 cruciabatur,
777 2162 821 2206 me
832 2162 895 2204 cum
907 2147 1078 2206 Wendelino
1089 2151 1119 2205 et
1127 2146 1201 2205 Mel·

76 2266 127 2315 ore
143 2251 251 2311 Lindio
267 2253 449 2313 sollicitatum
470 2253 512 2312 ire
535 2252 732 2312 conveniebat.
765 2251 862 2310 Primo
882 2253 970 2326 igitur
991 2252 1068 2311 aedes
1088 2252 1204 2312 Domini

76 2356 117 2432 dii
132 2357 273 2417 Zuicbeni
288 2364 434 2433 petenteS,
459 2375 523 2417 eam
538 2359 630 2416 solum
645 2359 819 2432 reperimus,
844 2359 893 2430 qui
909 2363 1062 2432 postquam
1076 2374 1203 2432 praesen·

76 2478 100 2523 ι
112 2469 245 2523 noemam
261 2469 435 2537 compertam
450 2464 559 2537 habuit,
576 2463 689 2523 obviam
706 2463 786 2523 nobis
802 2479 933 2537 egressus
948 2479 1001 2522 nos
1016 2464 1093 2522 intra
1107 2463 1203 2522 hiber·

76 2546 165 2633 tatum
180 2585 263 2627 suum
278 2569 367 2628 duxit.
401 2569 443 2629 lbi
459 2569 646 2629 Wendelinus
660 2568 789 2626 breviter
802 2567 915 2626 solitam
935 2567 1102 2640 petitionem
1122 2583 1206 2641 repa-

76 2667 99 2747 lq
112 2689 159 2733 me
179 2690 293 2748 quoqne
314 2681 468 2749 eapropter
489 2680 518 2734 et
537 2676 592 2734 mei
612 2680 641 2732 et
661 2672 784 2732 fratrum
799 2673 913 2731 nomine
929 2672 1031 2732 adesse
1047 2672 1127 2730 dixit.
1158 2671 1205 2731 Ad

76 2778 223 2857 nViglius
238 2779 399 2853 respondit,
416 2781 441 2838 si
457 2796 509 2838 nos
524 2781 580 2862 ipsi
595 2780 641 2838 vel
657 2780 748 2838 nostri
762 2779 909 2838 consilium
926 2780 1014 2853 ipsius
1030 2780 1117 2839 secut·
1133 2777 1203 2839 luis·

76 2882 112 2958 3,
130 2885 275 2958 negodum
291 2886 345 2943 hoo
359 2885 404 2945 vel
419 2891 486 2945 ante
501 2901 612 2944 menses
629 2885 753 2958 quinque
769 2882 905 2944 adfinem
926 2885 1044 2958 produci
1066 2885 1202 2959 potuisse,

76 2970 187 3071 ¹bquam
200 3005 289 3049 causa
305 2989 482 3051 Coloniensis
506 2990 561 3048 bue
582 2990 717 3049 devoluta
737 2990 782 3049 sit.
815 2991 885 3049 Item
907 2992 1006 3050 retulit
1026 2991 1107 3051 nobis
1127 2990 1202 3050 Her·

182 3095 366 3169 aMolspurq
382 3095 496 3159 disertis
512 3096 606 3154 verbis
622 3096 737 3168 dixisse,
754 3098 778 3154 si
795 3094 978 3154 Colonienses
993 3100 1107 3154 centum
1122 3096 1202 3167 equi·

76 3092 303 3275 minuatim
318 3202 473 3275 mitterent,
492 3201 638 3262 Cattorum
655 3203 787 3274 princeps
804 3201 940 3260 ducentos
954 3199 991 3258 ad
1007 3201 1051 3258 his
1065 3201 1201 3258 resisten-

85 3302 88 3307 ’
114 3307 264 3380 mesum,
281 3311 366 3381 atque
381 3307 425 3365 his
441 3307 536 3367 verbis
547 3324 703 3366 caesaream
720 3309 899 3379 majestatem
916 3307 1036 3366 maxime
1051 3307 1202 3379 irritatam,

90 3390 98 3403 '¹
149 3412 197 3486 qui
214 3412 342 3485 dixisset,
359 3413 381 3471 si
398 3412 507 3473 Hessos
522 3411 669 3486 ducentos,
687 3429 739 3487 ego
755 3419 898 3472 trecentos
914 3413 1033 3472 nuttam.
1063 3413 1136 3471 item
1151 3411 1202 3471 ab·

98 3502 108 3605 ᾗ
135 3532 229 3577 neme
244 3519 444 3577 commissoriis
459 3517 561 3578 iactam
579 3519 691 3593 quidem
708 3534 766 3577 non
782 3520 906 3592 negavit.
932 3517 990 3576 Sed
1005 3518 1139 3590 quoniam
1155 3532 1201 3576 co-

86 3610 352 3703 hWaldeccenses
368 3639 398 3682 se
413 3639 466 3697 pro
483 3624 616 3698 subditis,
634 3627 686 3683 etsi
703 3625 804 3683 vasalli
820 3622 966 3683 cattorum
983 3630 1091 3697 essent,
1116 3640 1202 3698 repa·

134 3772 142 3802 ,
158 3728 190 3788 id
204 3729 297 3802 ipsum
311 3730 357 3787 hic
372 3731 402 3787 in
418 3728 610 3804 disputatione
626 3746 696 3789 esse.
727 3729 844 3789 Addens
859 3737 1002 3805 praeterea
1012 3730 1203 3790 conditionem

110 3897 115 3907 ,
146 3835 203 3894 'oni
218 3834 383 3910 adjunctam
399 3851 475 3909 esse,
492 3853 553 3895 eam
569 3836 691 3907 scilicet,
709 3835 904 3896 Reinhardum
921 3839 1051 3896 comitem
1068 3841 1096 3893 et
1111 3835 1199 3892 Joan·

117 4008 123 4015 ,
173 3942 266 4015 rgium
279 3939 409 4000 Schaden
425 3939 668 4000 abdittelbibrach
683 3941 799 4014 quidem
816 3941 1019 4000 ll'aldeccanos
1035 3937 1200 4009 absolvisse,

102 4026 181 4119 bea
195 4046 273 4120 lege,
295 4051 327 4104 ut
341 4061 474 4104 caesareae
490 4046 634 4118 maiestati
649 4063 679 4104 se
701 4046 867 4107 obedientes
887 4047 1022 4104 sisterent
1042 4046 1072 4101 et
1091 4039 1126 4100 de
1147 4041 1202 4100 bac

106 4138 167 4225 {ius
182 4151 352 4212 clementiae
368 4150 473 4212 clarim
488 4167 658 4228 responsum
671 4151 842 4226 reciperent.
866 4151 939 4210 Tum
949 4147 1114 4223 Wolradns,
1130 4146 1203 4210 Pro·
