2678 4546
687 39 750 73 ⁸⁶22

135 188 239 246 acerba
252 188 386 261 monitio,
408 186 512 246 deinde
527 187 634 261 oleum,
656 187 687 245 id
703 192 747 245 est
761 185 884 246 salubris
900 184 1040 259 evangelii
1055 182 1212 244 consolatio
1228 182 1310 241 adhi-

135 292 229 371 benda
244 299 297 352 est.
336 292 383 350 Sic
404 298 433 351 et
449 292 477 350 d.
493 292 620 352 loannes
640 293 733 366 primo
756 297 867 364 monet,
893 308 928 351 ne
943 306 1107 366 peccemus,
1128 291 1154 347 si
1168 303 1238 349 vero
1254 288 1308 345 ali·

136 397 250 471 quando
266 398 323 456 labi
339 395 420 454 nobis
437 398 585 471 contingit,
602 395 758 456 remedium
773 396 960 454 demonstrat.
987 394 1108 457 Addidit
1123 400 1153 453 et
1166 394 1240 453 alias
1255 410 1307 467 op·

135 504 218 561 timae
242 501 288 559 bic
310 504 496 561 concionator
517 516 690 576 paraeneses.
727 501 906 561 Aooncione
926 506 1023 561 auten
1042 501 1118 559 idem
1133 499 1309 575 predicator

134 608 180 665 bic
200 607 277 680 quod
300 607 361 666 heri
384 607 411 665 d.
429 605 576 666 blusculns
598 606 747 680 culpabat,
771 607 879 666 scilicet
900 607 1038 682 populum
1061 622 1128 665 mox
1141 602 1224 663 finita
1239 620 1307 664 con·

134 713 215 769 cione
232 711 379 771 discedere
395 729 447 771 uec
463 720 616 786 expectare
639 711 729 771 donec
752 711 873 770 ecclesia
887 710 952 770 Deo
972 711 1087 771 laudem
1102 716 1132 769 et
1146 710 1308 783 gratiarum

135 818 260 876 cationes
275 835 328 890 pro
344 817 411 877 dato
427 819 514 877 verbo
530 818 700 891 decantarit,
718 823 881 892 contempta
894 816 1094 876 benedictione
1109 817 1306 874 ministrorum

134 922 222 980 verbi.
247 921 329 981 Licet
344 922 428 993 enim,
444 923 495 995 ait,
511 921 714 983 homunciones
729 924 831 982 miselli
844 922 963 982 etrobis
973 923 1078 1002 similes
1093 922 1192 994 simus,
1207 925 1306 978 tamen

133 1028 209 1085 servi
224 1027 272 1085 dei
287 1027 389 1084 summi
405 1033 433 1085 et
447 1027 563 1086 maximi
577 1043 692 1101 sumus,
717 1034 746 1087 et
760 1029 837 1086 illius
853 1010 965 1087 nomine
981 1043 1091 1086 necnon
1107 1041 1143 1084 ex
1158 1024 1307 1098 ipsiusmet

67 1115 70 1126 '
134 1131 227 1190 verbis
242 1132 322 1191 nobis
339 1132 540 1191 benedicimus.
565 1126 816 1250 concionalnset
830 1132 914 1192 hodie
929 1131 1123 1204 etblusoulus,
1138 1130 1221 1203 cujus
1237 1145 1304 1187 con·

133 1237 207 1293 cioni
224 1236 372 1310 Philippus
388 1243 417 1295 et
432 1237 559 1296 loannes
573 1237 678 1296 fratres
694 1243 784 1296 nostri
808 1252 952 1310 unacum
975 1235 1112 1295 Galactco
1135 1233 1303 1295 interfuere.

222 1341 285 1399 Hac
300 1345 363 1415 ipse
383 1342 430 1400 die
451 1342 579 1402 Joannes
600 1342 688 1416 Haglx
707 1349 736 1401 et
759 1341 861 1400 scriba
876 1340 998 1403 fratrum
1013 1341 1240 1400 commissionem
1256 1340 1303 1397 Li·

133 1443 206 1504 borii
223 1453 252 1505 et
272 1447 438 1506 Melchioris
459 1448 579 1521 amplius
599 1448 691 1506 locum
706 1447 813 1507 babere
828 1447 973 1522 uolebant,
988 1448 1019 1506 iu
1034 1463 1078 1506 me
1094 1445 1223 1505 creditur
1238 1443 1304 1504 laba

133 1551 188 1610 ista
202 1558 364 1624 sumptuum
380 1546 508 1612 cudetur.

221 1657 351 1716 Misirnns
365 1657 514 1718 Liborium
530 1658 568 1718 ad
577 1658 797 1718 Atrebatensem
808 1673 863 1734 pro
877 1657 1082 1733 capitulatione
1096 1671 1132 1714 ac
1144 1653 1240 1714 forma
1254 1653 1301 1712 ob

132 1759 284 1834 ligationis.

219 1869 347 1927 loannes
367 1869 416 1927 ille
437 1868 560 1928 Noricus
579 1870 630 1941 ait,
653 1868 791 1926 hactenus
806 1867 990 1941 Pintzingero
1012 1880 1071 1924 uou
1092 1864 1232 1939 obtigisse
1255 1879 1302 1937 op-

131 1973 351 2045 portunitatem,
377 1991 474 2033 verum
496 1974 550 2032 bac
570 1973 617 2032 die
635 1975 729 2046 ipsum
751 1973 862 2047 aliquid
881 1975 1074 2044 tentatmum,
1104 1985 1140 2030 ac
1159 1987 1241 2045 spem
1263 1967 1301 2027 illi

133 2090 195 2139 esse
209 2076 322 2135 bonam.
1334 2072 1337 2079 ’

221 2181 344 2240 Domine
360 2182 378 2242 J
380 2198 439 2255 esu,
456 2184 505 2255 qui
521 2200 572 2244 nos
588 2184 624 2243 ab
639 2184 722 2243 initio
739 2182 865 2242 dilexisti
881 2187 910 2242 et
924 2183 988 2257 ipsa
1002 2197 1033 2240 es
1048 2183 1170 2255 veritas,
1194 2193 1299 2253 exque

133 2286 224 2343 omnis
240 2285 354 2345 dilectio
371 2289 521 2362 processit,
547 2289 681 2349 danobis
696 2303 764 2347 vere
780 2303 817 2346 ex
830 2291 892 2346 toto
908 2286 994 2346 corde
1009 2291 1039 2346 et
1053 2291 1082 2344 te
1098 2292 1128 2345 et
1142 2287 1299 2360 proximum
1329 2368 1331 2373 Α

132 2390 261 2464 diligere.
284 2392 384 2450 Amen.

220 2498 346 2570 Insignis
362 2495 550 2555 Grandevelae
566 2497 704 2570 ejusmodi
721 2504 812 2557 eraut.
837 2497 961 2571 Clypcus
976 2514 1028 2558 seu
1043 2504 1155 2556 scutum
1170 2496 1297 2571 superius

131 2602 256 2674 equdem
271 2603 382 2676 glaram
400 2598 411 2636 ¹
435 2600 495 2660 alas
519 2603 726 2675 expandentem
746 2602 854 2661 babens
874 2601 993 2662 inferius
1008 2604 1091 2677 quasi
1105 2608 1298 2661 transversum
1329 2600 1332 2608 '

130 2707 239 2779 positas
253 2707 343 2765 lineas
358 2707 432 2764 latas
447 2707 619 2766 bivaricetas
634 2707 700 2766 albo
713 2714 742 2766 et
752 2708 834 2781 nigro
844 2707 955 2781 colore.
980 2709 1073 2784 Super
1087 2708 1203 2781 galeam
1217 2708 1299 2779 caput
1329 2780 1333 2787 Ι

132 2816 176 2868 est
196 2811 260 2883 apri
282 2827 345 2867 cum
368 2811 439 2883 pede
462 2811 588 2884 ejusdem
610 2817 768 2871 cruentato.
808 2812 878 2872 Cum
901 2814 990 2887 igitur
1011 2814 1038 2872 d.
1061 2812 1098 2870 de
1120 2809 1300 2872 Grenoevels
1335 2803 1339 2808 ’

131 2914 185 2972 sibi
201 2915 255 2989 ipsi
270 2915 379 2988 quoda
396 2932 521 2975 caesarea
536 2918 685 2991 majestate
700 2917 744 2975 bie
759 2919 846 2976 armis
859 2926 889 2978 et
903 2926 1021 2977 ornatus
1036 2924 1065 2976 et
1081 2916 1235 2977 nobilitate
1250 2917 1298 2975 do
1330 2907 1333 2913 ’

131 3024 214 3078 uatus
234 3022 285 3093 sit,
311 3021 526 3094 congratuletur
545 3039 579 3080 ac
601 3027 754 3095 propterea
775 3023 874 3081 aulaeis
895 3025 953 3082 suis
973 3025 1080 3099 passim
1105 3023 1209 3081 subter
1222 3036 1300 3081 mma

130 3124 184 3183 hoc
198 3125 355 3198 symbolum
365 3127 556 3199 intertexerit‚
572 3127 680 3186 scilicet
690 3129 749 3185 »sic
759 3129 849 3186 risum
865 3134 908 3187 est
924 3130 1066 3201 superis«
1084 3127 1170 3187 homo
1187 3125 1299 3200 quidam

130 3246 186 3288 non
200 3231 322 3289 insulsus
338 3231 449 3290 addidit
466 3232 596 3306 »aquflas
612 3233 751 3306 subjicere
766 3235 891 3307 porcia«
909 3233 1037 3292 indicans
1060 3232 1201 3290 maximos
1223 3229 1298 3289 orbis

129 3340 215 3392 temae
231 3335 374 3409 principes
390 3336 427 3394 ab
442 3337 605 3395 humillimis
621 3335 855 3396 homuncionibus
871 3339 943 3411 regi.

218 3440 376 3499 Verebatur
392 3446 503 3514 segetes
519 3441 659 3514 grandim
675 3457 827 3502 concussas
842 3443 872 3501 in
883 3440 1088 3524 eaGcrmaniae
1103 3447 1200 3516 parte,
1216 3454 1297 3515 (μω

130 3542 215 3616 vulgo
231 3544 281 3603 das
296 3544 379 3604 Riesz
395 3552 506 3604 vocant.

216 3650 356 3709 Ernestus
371 3666 465 3709 comes
480 3668 498 3708 a
514 3651 686 3724 Scbomberg
701 3656 731 3710 ct
745 3667 781 3709 m.
798 3650 981 3712 Sebastianus
998 3647 1136 3709 Glaserus
1151 3648 1296 3708 nobiscum

128 3754 224 3827 pransi
241 3762 315 3814 sunt.
338 3754 365 3812 A
380 3757 501 3829 prandio
517 3753 607 3814 irater
622 3763 720 3815 noster
734 3754 885 3830 Philippos
907 3761 936 3813 et
951 3770 1004 3828 ego
1019 3755 1217 3814 ameniauu
1232 3753 1294 3811 bor·

127 3865 221 3918 torum
237 3859 339 3934 Lynoii
354 3861 561 3935 perspeximus.

705 3979 721 4014 ὴ

203 4069 211 4111 1
234 4063 377 4129 glaucam?
