2678 4546
632 44 676 114 8¹1

61 232 177 308 virgine
199 232 368 306 incorrupta
387 229 564 306 desponsare
583 237 710 307 cuperet.
756 229 832 291 Nam
854 231 880 291 is
903 233 1130 309 meretriculam,
1153 250 1239 310 quum

62 344 171 413 posset,
194 338 328 397 muliebri
349 335 464 410 mundo,
489 343 594 409 torque
612 353 710 410 aureo,
734 337 847 395 cunulis
872 343 902 397 et
921 338 1061 410 ejusmodi
1075 356 1133 399 non
1147 341 1239 401 solum

64 449 220 504 ornaturus
229 447 314 517 esset,
329 442 399 516 quin
414 446 444 501 et
455 442 573 516 insuper
588 444 721 503 laudibus
731 441 817 515 hujus
832 443 998 518 pudicitiam
1012 461 1106 506 mores
1116 451 1146 506 et
1160 447 1238 520 quic·

64 548 135 624 quid
154 553 232 608 esset
246 564 300 622 per
314 548 467 608 uerborum
489 547 628 622 ampullas
643 564 733 622 proco
752 563 858 622 magna
871 547 1000 609 facturus
1014 551 1060 609 sit.
1099 551 1156 612 Ubi
1170 566 1240 611 vero

64 656 151 714 miser
172 653 337 728 Glycerium
356 651 428 711 illud
450 649 574 727 duxerit,
596 653 761 713 habiturum
784 669 849 712 eum
871 659 900 713 et
923 660 1048 714 scortum
1063 661 1093 715 et
1106 662 1239 718 motaneo

65 777 132 819 eum
146 760 288 833 torqueri.
326 757 391 832 Hic,
407 759 510 832 inquit,
531 758 614 819 nobis
633 758 716 818 dulce
731 759 899 832 praeoiuitur
917 760 1015 819 melos.
1054 761 1085 821 Si
1098 766 1195 821 ouum
1208 763 1240 820 in

64 867 214 940 proposita
228 864 464 939 consenserimus,
480 864 620 937 praeclara
635 863 749 938 quidem
764 879 811 922 res
827 868 880 937 est,
896 879 944 923 res
959 870 1073 924 nostras
1094 881 1158 924 cum
1172 871 1236 926 tan·

63 979 160 1033 torum
174 971 335 1047 principum
349 970 447 1043 regnis
462 974 491 1028 et
505 969 731 1044 possessionibus
747 984 810 1027 esse
825 970 930 1028 unitas.
954 970 1062 1028 Verum
1077 971 1237 1032 successivo

63 1085 196 1152 tempore
210 1080 312 1135 nostra
325 1065 513 1148 insufflentur,
530 1080 560 1133 et
574 1075 598 1133 si
613 1074 682 1147 quid
696 1073 809 1133 adversi
824 1074 989 1147 regionibus
1003 1073 1146 1135 dictorum
1159 1077 1239 1151 priu-

62 1184 159 1258 cipum
174 1180 319 1255 acciderit,
335 1196 389 1239 nos
402 1179 459 1237 illis
478 1179 611 1252 presidio
635 1183 665 1237 et
683 1177 843 1238 defensioni
864 1195 927 1239 esse
948 1180 1101 1254 oportebit,
1126 1185 1156 1238 et
1176 1186 1237 1240 tum

62 1290 189 1363 primum
210 1285 380 1358 sentiemus,
404 1283 485 1344 nobis
509 1285 625 1344 laudato
645 1289 741 1343 scorto
763 1281 857 1343 incum
875 1282 990 1344 iactum.
1035 1284 1132 1359 Atque
1150 1286 1238 1346 miser

63 1391 222 1455 monachus
237 1390 292 1450 hoc
305 1390 446 1448 mercedis
462 1404 513 1449 suo
524 1391 590 1463 joco
612 1394 661 1449 aut
676 1393 889 1465 comparatione
910 1392 1005 1466 potius
1021 1397 1121 1451 nactus
1136 1396 1190 1467 est,
1205 1399 1239 1452 ut

63 1505 94 1559 et
108 1497 189 1574 apud
203 1502 336 1573 potentes
350 1495 562 1569 traduceretur,
575 1507 622 1556 'ac
636 1494 734 1555 Cresar
753 1495 796 1553 illi
811 1495 942 1555 dextram
956 1497 987 1556 in
1001 1503 1144 1558 conuentu
1159 1498 1238 1574 prin·

63 1606 163 1680 cipum
186 1620 240 1678 pro
264 1617 345 1662 more
365 1600 497 1676 praebere
519 1600 741 1660 dissimulaverit
759 1615 793 1659 ac
813 1605 897 1661 torve
917 1603 986 1661 satis
1008 1604 1102 1677 ipsum
1116 1604 1237 1664 intuitus

63 1712 110 1770 sit.
134 1709 269 1769 Meretur
282 1712 379 1766 mmen
393 1708 418 1765 is
432 1704 597 1778 monachus,
615 1706 820 1779 qualiscunque
835 1707 881 1781 sit,
905 1707 989 1782 hujus
1005 1708 1114 1767 consilii
1129 1724 1148 1768 o
1163 1706 1235 1768 (ior-

64 1816 157 1875 manis
172 1814 276 1872 merito
290 1814 421 1888 gratiam.
466 1811 685 1884 Verendumque
699 1811 767 1870 olim
781 1826 833 1871 suo
848 1812 923 1871 mulo
939 1810 1121 1871 Germaniam
1136 1828 1238 1889 exper-

62 1928 169 1996 turam,
185 1917 255 1994 quid
268 1918 392 1979 uoluerit
405 1917 451 1976 hic
466 1917 564 1976 abbas.

153 2025 223 2085 xxvi
235 2023 345 2097 Aprilis
368 2024 399 2080 in
422 2022 529 2096 templo
543 2020 689 2081 Mincium
707 2022 770 2081 loco
790 2023 996 2082 matutinarum
1016 2038 1132 2096 precum
1148 2040 1236 2097 quen·

63 2132 129 2192 dam
151 2130 260 2206 populo
282 2129 379 2202 ahqua
403 2145 439 2187 ex
456 2127 615 2202 Evangelio
638 2127 760 2187 loannis
780 2128 983 2202 praelegentem
1005 2135 1036 2188 et
1050 2135 1237 2202 exponentem

65 2237 220 2298 collatione
227 2235 435 2309 scripturarum
450 2231 617 2294 audivimus.
642 2233 841 2307 Interreliqua
856 2234 910 2292 ait:
925 2233 981 2306 Qui
991 2249 1022 2292 se
1031 2233 1125 2294 Deum
1140 2250 1238 2294 amoro

66 2343 216 2418 gloriatur,
232 2354 297 2398 eum
311 2339 398 2398 etiarn
413 2343 442 2398 et
456 2353 556 2397 manus
573 2343 602 2397 et
616 2355 667 2398 cor
682 2356 700 2398 a
713 2340 791 2399 vitiis
807 2340 954 2398 continere
968 2344 1093 2413 oportet.

154 2444 268 2506 Eadem
282 2443 352 2502 mihi
365 2443 573 2517 horologiolnm
588 2459 652 2502 cum
663 2444 748 2503 theca
760 2442 832 2503 loris
847 2442 986 2502 deaurata
999 2461 1053 2517 pro
1065 2446 1105 2502 18
1119 2442 1240 2504 theleris

71 2550 242 2626 comparavi.
275 2548 348 2624 Legi
370 2555 400 2608 et
412 2549 614 2623 purgationem
638 2548 730 2608 nostri
749 2547 785 2606 de
805 2547 947 2621 colloquio
962 2546 1165 2607 Ratishonensi
1187 2563 1240 2621 per

72 2655 210 2715 Bnccrum
225 2654 423 2728 conscriptam.

154 2760 267 2821 Eadem
280 2776 339 2819 una
354 2774 452 2819 omnes
467 2762 587 2832 excepto
596 2738 702 2833 nepote
716 2755 869 2831 hospitium
884 2755 1044 2817 archiducis
1054 2756 1238 2817 visitavimus.

74 2865 137 2925 cum
160 2870 257 2926 autem
281 2863 320 2924 ad
343 2864 446 2924 atrium
466 2863 567 2923 domus
585 2865 774 2935 venissemus,
800 2862 893 2923 edocti
914 2861 951 2921 ab
971 2861 1240 2922 anteambulonibus

75 2968 174 3049 sumus,
190 2969 372 3030 archiducem
388 2983 497 3039 summo
512 2983 596 3027 mane
611 2970 708 3028 nescio
731 2985 788 3042 qno
803 2969 916 3028 obiisse.
955 2966 1051 3027 Aedes
1066 2968 1155 3042 igitur
1169 2983 1238 3027 oan-

73 3079 177 3138 cellarii
197 3075 399 3137 Atrebatensis
421 3074 606 3149 frequentare
626 3076 718 3132 visum
740 3078 793 3132 cst.
842 3072 899 3133 Ubi
924 3072 991 3131 dum
1011 3073 1041 3130 in
1061 3086 1131 3132 area
1150 3072 1239 3132 curiae

74 3188 175 3244 summ
189 3182 302 3258 lapides
316 3181 457 3255 trivimus,
477 3186 638 3254 opportune
652 3179 763 3253 vigilus
784 3177 876 3239 adest.
914 3178 998 3237 Hunc
1012 3177 1143 3236 Eubulus
1157 3181 1241 3249 ropac

72 3294 108 3365 ut,
124 3291 150 3349 si
165 3291 208 3348 ita
222 3302 315 3347 sermo
329 3284 472 3360 inciderit,
495 3284 723 3344 recordationem
742 3284 834 3343 nostri
848 3283 925 3358 apud
946 3283 1111 3357 episcopum
1125 3280 1240 3354 habeat,

73 3395 118 3468 qui
132 3393 195 3455 iere
210 3398 277 3469 post
290 3392 391 3453 horam
406 3391 505 3450 abiens
521 3391 575 3464 ait,
600 3405 652 3448 nos
673 3391 759 3448 isthic
772 3389 843 3448 nihil
867 3387 981 3448 efficere
995 3404 1090 3462 posse,
1114 3391 1241 3448 attamen

71 3486 220 3560 se'nostrae
235 3514 330 3558 causae
345 3497 518 3556 mentionem
532 3494 643 3554 iecisse.

154 3605 283 3666 Joannes
305 3601 397 3662 irater
420 3606 451 3660 et
473 3599 589 3660 Samuel
610 3615 700 3678 nepos
723 3615 787 3659 cum
815 3598 939 3658 electore
961 3596 1075 3658 Joanne
1094 3596 1242 3657 Friderieo

69 3711 166 3785 pransi
180 3713 257 3769 sunt.

154 3815 183 3876 A
197 3812 322 3890 prandio
330 3813 464 3873 vEubulus
473 3812 651 3872 licentiatum
659 3811 723 3869 Nic.
732 3809 827 3869 Maier
837 3809 971 3883 visitavit,
984 3808 1034 3882 qui
1044 3809 1137 3881 ipsum
1145 3803 1244 3862 hnma-

71 3923 185 3981 nissime
199 3924 353 3994 cumptum
368 3919 399 3977 in
413 3933 541 3977 museum
558 3933 640 3976 suum
654 3916 823 3989 introduxit,
840 3914 917 3987 quod
940 3917 1003 3974 erat
1017 3911 1099 3971 varia
1113 3909 1243 3983 egregia·

72 4045 121 4103 pne
141 4028 285 4088 librorum
317 4023 491 4098 supellectile
511 4020 658 4081 refertum.
702 4024 731 4081 ls
751 4036 865 4095 quoque
885 4035 938 4077 nos
952 4015 1059 4089 libello,
1084 4012 1130 4071 cui
1143 4013 1243 4073 titulus

73 4132 164 4198 Series
189 4139 220 4195 et
235 4129 359 4207 digmtio
372 4135 533 4205 temporum
548 4134 578 4189 et
590 4144 687 4188 rerum
703 4132 756 4188 etc.
771 4125 810 4187 ab
824 4124 950 4186 Henrico
965 4101 1132 4196 Bullingero
1147 4120 1243 4183 elucu-
