2678 4546
123 220 589 296 deisapientiametbonitatum
609 215 867 275 mmtmdem
885 215 1293 294 emo-mmmmm

123 324 941 395 vixinterdummillestadiadistnntesnorerouetego
959 323 1165 381 muam-
1185 330 1217 382 et
1235 340 1293 382 111-

122 436 171 506 qui
186 429 276 490 allatu
291 430 404 503 dignati
417 446 471 487 nos
485 430 606 488 inrioem
621 446 680 486 non
693 428 792 499 simus,
807 428 839 484 in
853 427 1021 486 deelidis
1034 431 1193 502 gesu'entes
1207 430 1293 488 eollo-

123 539 245 610 quimur.
277 536 331 593 Illa
345 541 441 592 autem
459 540 567 606 praeter
586 539 714 592 mutuam
731 531 920 592 honorificum
937 534 1140 596 ulredum
1159 535 1293 608 querelas

119 644 193 714 jonis
208 647 238 700 et
251 643 330 698 seria
340 641 476 712 ineundis
490 641 613 697 misnens
627 639 665 696 de
679 639 777 697 multis
790 638 888 696 locuta
900 643 955 697 est
977 639 1109 712 Atride,
1124 655 1213 712 quam
1228 657 1293 698 1111

123 748 208 820 uulgo
223 746 332 805 dimnt:
356 744 435 802 Raro
450 746 597 804 eolnmitas
611 761 670 802 una
684 744 747 802 sola
760 744 849 801 uenit·
878 743 954 802 Dum
967 744 1047 802 intre
1067 743 1294 817 bybernneulnm

123 855 200 910 sitim
214 853 351 923 levamus,
367 866 519 909 auturrens
534 867 618 909 soror
631 849 789 907 Catburina
802 849 888 906 matri
901 849 953 920 ait,
967 848 1150 908 ansrdum
1163 851 1295 923 surim

123 960 290 1030 sanguinem
306 972 343 1013 ex
358 957 476 1016 naribus
491 963 521 1014 et
534 972 585 1014 ore
599 956 709 1013 stillare
723 959 755 1012 et
768 953 831 1012 lere
844 956 1005 1014 exanimem
1018 953 1107 1013 humo
1117 960 1295 1028 prosuatnn

120 1066 227 1137 jacere.
266 1063 451 1120 decurrimus
476 1063 565 1136 igitm
584 1076 697 1131 omnes,
720 1059 889 1118 admovetur
911 1058 985 1132 lepis
1003 1060 1173 1132 sanguinem
1192 1060 1295 1121 sistere

124 1176 224 1228 suetus
239 1185 316 1240 aqna
334 1165 440 1238 fi’igidn
457 1165 570 1225 rudioes
589 1173 621 1224 et
640 1165 725 1224 mrdi
745 1181 852 1222 semen
889 1163 1021 1222 Tandem
1042 1181 1062 1222 a
1080 1171 1162 1224 terra
1184 1165 1295 1225 levatus

124 1273 272 1348 paululum
286 1273 452 1343 respiravit,
467 1271 518 1329 sed
533 1271 659 1329 nondum
673 1271 778 1328 mutire
792 1270 896 1343 potnit
919 1270 954 1327 ln
967 1273 1200 1329 mentenautem
1214 1272 1295 1331 nobis

125 1379 203 1435 venit
212 1376 249 1433 de
258 1377 411 1449 laguncula
425 1383 556 1448 stannea,
572 1392 658 1448 quum
672 1391 744 1448 puer
759 1381 859 1433 noster
873 1376 905 1434 in
919 1391 990 1447 pera
1002 1374 1146 1449 gestabat
1169 1377 1296 1450 Aeoepb

124 1485 213 1556 igitur
228 1497 246 1540 a
260 1497 351 1554 puero
366 1481 521 1553 lagunmla
535 1497 634 1554 pnueoe
648 1481 769 1553 guttulae
787 1495 871 1552 aquae
889 1479 982 1553 illius,
1003 1495 1091 1552 quam
1108 1481 1178 1539 vite
1198 1481 1294 1556 appol·

125 1589 196 1660 lant,
214 1587 373 1659 opitulante
382 1586 439 1645 deo
447 1587 521 1644 adeo
533 1584 704 1658 reiecerunt,
721 1591 754 1644 ut
767 1591 798 1643 et
810 1585 866 1644 iuri
880 1591 911 1643 et
924 1601 978 1644 nos
992 1600 1150 1658 agnoscere
1165 1585 1293 1659 eoeperit

126 1694 203 1751 Mire
217 1697 313 1750 autem
327 1691 382 1750 boe
396 1690 585 1751 infortunium
600 1694 706 1748 evenit.
738 1691 814 1749 Dum
829 1693 905 1749 enim
919 1689 1010 1749 111111
1025 1690 1178 1764 Philippus
1193 1695 1225 1748 et
1240 1706 1293 1764 ego

126 1806 257 1857 novercae
278 1799 332 1855 riae
354 1782 473 1854 tedium
495 1796 592 1856 levare
615 1813 752 1855 oonamur
773 1812 808 1854 ue
828 1795 928 1854 famuli
949 1812 1025 1868 equo
1046 1794 1205 1854 insidentes
1223 1794 1295 1854 forte

127 1905 235 1976 largius
244 1903 333 1975 Lyaeo
342 1902 436 1974 litant,
452 1904 554 1976 auriga
568 1902 659 1960 hicet
673 1903 741 1961 1110
755 1907 785 1960 et
798 1917 899 1960 somno
914 1901 1033 1960 obrutus
1048 1900 1210 1961 dormitans
1223 1916 1296 1974 equo

127 2009 232 2067 insedit
247 2016 275 2065 et
292 2007 369 2065 dieto
383 2007 468 2066 eitius
483 2008 513 2065 in
528 2012 636 2065 terram
650 2006 806 2080 prolabens
820 2013 901 2066 tanto
920 2023 1004 2079 essu,
1027 2012 1062 2064 nt
1080 2021 1193 2080 pronus
1212 2020 1296 2079 super

126 2113 229 2171 faeiem
245 2129 330 2170 nares
345 2110 468 2170 finderet
482 2128 539 2170 non
553 2113 638 2171 aliter
652 2129 686 2170 ao
701 2114 727 2170 si
741 2113 835 2170 seeuri
850 2128 869 2170 a
882 2113 1018 2185 quopiam
1027 2111 1197 2170 mmeratus
1211 2115 1294 2170 esset

127 2220 175 2277 Sio
188 2233 291 2276 eruore
307 2216 439 2288 auribus,
455 2233 507 2274 ore
522 2223 552 2276 et
567 2218 686 2276 naribus
700 2216 862 2290 profluente
876 2234 960 2291 pune
975 2218 1118 2276 bominem
1133 2215 1294 2276 mffooenut

127 2323 215 2381 Jussu
229 2323 326 2393 itaque
341 2321 464 2380 dominae
478 2338 538 2378 suae
552 2323 626 2395 bigae
642 2324 804 2395 impositum
818 2323 977 2397 Augustam
991 2322 1108 2380 vehunt

216 2428 349 2486 Noreroa
357 2442 471 2499 quoque
478 2445 531 2486 nos
547 2430 667 2502 rogavit,
683 2435 716 2486 ut
731 2430 793 2500 eius
807 2430 922 2486 nomine
937 2430 1020 2486 uxori
1035 2428 1157 2486 sulutem
1172 2427 1295 2488 dicerem

128 2536 244 2612 (mirum
253 2536 282 2592 in
298 2534 412 2593 modum
420 2533 602 2592 Anastasiam
617 2534 750 2593 laudibus
765 2533 918 2607 extollens)
932 2534 1019 2606 jussit
1033 2550 1069 2592 ae
1083 2534 1216 2593 subditos
1231 2549 1296 2593 suos

128 2640 194 2700 fidei
210 2647 316 2698 nostrae
332 2640 479 2698 commisit.
517 2639 575 2697 Sed
590 2640 687 2698 multae
703 2656 749 2698 res
765 2657 818 2698 111
836 2638 948 2712 frigidm
967 2655 1021 2698 nec
1040 2638 1145 2712 tepidae
1164 2646 1245 2712 sunt,
1267 2645 1296 2697 nt

128 2747 253 2818 palatum
269 2745 380 2803 aridum
396 2761 481 2817 qnam
496 2746 611 2802 minime
626 2743 809 2818 refrigerant.
961 2752 965 2758 '

217 2848 291 2907 Dedi
307 2852 461 2908 sororonlae
477 2851 507 2907 in
521 2866 623 2908 mnnns
637 2851 823 2909 honorarium
843 2855 995 2909 coronatos
1014 2857 1147 2924 quumor.
1179 2850 1294 2910 Postea·

129 2971 213 3027 quam
228 2971 296 3011 1110
312 2956 388 3026 opud
403 2956 494 3029 ipsam
510 2956 597 3013 horas
613 2955 685 3014 duas
699 2957 831 3014 trivimus
846 2963 944 3016 mutuo
960 2956 1036 3015 bona
1050 2957 1245 3029 imprecantes
1263 2971 1296 3013 ao

128 3076 257 3118 novereae
274 3076 325 3117 nee
341 3077 398 3118 non
414 3061 569 3119 sororcule
584 3061 775 3119 valedicentes
791 3061 840 3120 illa
855 3061 1015 3136 Augustam
1029 3061 1182 3120 comitibus
1201 3076 1296 3121 sorore

128 3172 157 3224 et
172 3167 297 3240 nympha
312 3164 458 3237 straden,
480 3166 551 3223 Elsa
571 3183 605 3224 ao
623 3166 721 3239 Birgel
736 3184 769 3225 ac
784 3168 814 3225 in
829 3168 957 3240 equitatu
972 3167 1082 3225 babens
1100 3166 1296 3227 conradum

76 3285 86 3302 ’
130 3271 260 3329 Geismar
277 3275 305 3327 et
320 3271 460 3329 loannem
475 3288 494 3328 a
513 3272 749 3330 Wolmeroknsen
767 3274 910 3344 J'uniorem
931 3277 1010 3330 reeta
1030 3272 1114 3344 petit
1145 3273 1210 3346 Ego
1230 3287 1295 3331 1110

128 3375 177 3432 nbi
185 3375 348 3448 Philippum
355 3374 473 3435 11111111
481 3378 766 3436 convenissemaeme
774 3379 816 3435 illi
823 3376 1073 3448 oommendassem,
1083 3376 1294 3452 Werdumpro·

129 3497 198 3556 pere
215 3482 365 3540 contendo.
395 3482 534 3541 Werdam
548 3487 644 3541 autem
658 3484 775 3541 veniens
790 3484 901 3542 interea
914 3482 1051 3555 temporis
1067 3481 1147 3553 quod
1161 3484 1295 3558 nugnse

129 3585 168 3643 fui
191 3586 317 3644 intellexi
336 3604 455 3647 uxorem
469 3587 591 3661 hospitis
606 3588 697 3645 nostri
718 3588 820 3646 111111
835 3589 999 3647 excessisse.
1035 3585 1095 3646 Det
1109 3588 1152 3647 illi
1167 3588 1295 3649 dominu

129 3692 241 3750 beatam
257 3694 505 3752 resurrectionem.
534 3693 647 3765 Hospes
663 3692 776 3766 quidem
792 3699 852 3751 tum
868 3693 951 3752 domo
967 3691 1079 3765 aberat,
1096 3692 1148 3752 sed
1161 3693 1219 3754 sub
1231 3708 1294 3753 noe

129 3803 186 3855 tem
202 3813 334 3856 11111111
350 3799 400 3872 ait,
417 3800 581 3857 ementitam
596 3814 658 3856 esse
673 3798 872 3870 gloriationem
887 3798 974 3869 illam,
990 3797 1067 3870 quod
1082 3798 1297 3874 Norinbergen·

130 3919 174 3960 ses
191 3904 304 3962 interim
319 3905 390 3967 illud
405 3906 589 3977 recepissent.

220 4009 336 4067 Werdae
351 4010 381 4067 in
397 4027 431 4068 eo
448 4007 609 4081 0011111110,
630 4008 679 4067 ubi
694 4009 827 4081 priuoeps
842 4016 941 4068 noster
957 4009 1066 4068 diutine
1087 4009 1225 4071 detentus
1245 4016 1296 4081 eut,

131 4113 242 4171 aulicus
263 4115 378 4187 quidem
393 4132 429 4174 ex
443 4113 583 4175 famulitio
597 4112 710 4172 Alberti
724 4115 896 4174 marchionis
911 4115 1058 4175 nobiseum
1073 4119 1211 4177 coenavit.
1243 4114 1298 4177 lbi·
