2678 4546
609 52 655 119 57

132 237 246 298 Eadem
267 236 325 297 duo
347 238 444 297 nescio
466 239 548 313 cujus
571 237 745 301 conditionis
770 239 899 300 homines
922 238 979 297 hoc
1001 240 1157 298 certamine
1181 237 1217 297 de

82 345 147 405 avio
167 342 384 416 contendentes,
408 347 441 402 ut
461 361 535 403 unus
558 361 612 404 ova
633 345 757 405 ducenta
778 348 906 406 recentia
927 362 985 404 non
1006 350 1102 416 cocta,
1126 345 1167 403 ita
1188 343 1218 402 in

82 450 147 510 dinc
167 448 319 523 disposita,
346 454 379 508 ut
400 448 513 522 singula
537 450 648 510 cubitos
670 451 743 511 duos
764 452 801 511 ab
822 453 942 511 inuicem
965 451 1090 524 seposita
1112 455 1217 521 essent,

90 557 168 615 ulter
179 555 351 613 certantium
363 571 447 613 ouum
460 560 527 630 post
539 573 623 615 ovum
639 572 657 614 a
671 558 764 628 primo
779 556 817 615 ad
831 556 961 615 ultimum
973 571 1123 614 recurrens
1136 572 1217 628 spor·

82 662 115 720 lae
131 662 301 733 imponeret,
324 674 427 718 cavens
443 676 480 719 ne
500 660 589 719 ullum
604 661 766 721 lederetur.
805 662 880 719 Nam
900 663 925 720 si
945 662 1065 736 alicuius
1084 666 1218 734 putamen

82 765 226 824 attactum
240 762 351 838 luisset,
372 766 434 837 jam
448 770 543 824 actum
559 771 623 825 erat
638 767 673 825 de
694 767 803 826 bravio.
834 766 917 825 Alter
936 783 1005 826 vero
1024 768 1100 825 intra
1118 766 1219 825 horam

91 876 226 946 quartam
239 870 320 928 horae
335 874 448 942 mmem
463 870 564 930 urbem
580 879 663 929 extra
677 874 784 931 moema
799 873 1003 930 circumitoret.
1035 872 1108 931 Mihi
1124 879 1219 931 autem

82 980 201 1050 certum
224 979 404 1034 utereorum
418 976 528 1034 vicerit.
1161 976 1166 983 '

136 1079 249 1140 Eadem
270 1079 392 1154 Hispani
411 1085 440 1139 et
460 1079 692 1156 Burgundiones,
717 1084 766 1156 qui
787 1089 854 1142 ante
874 1082 1035 1156 meridiem,
1060 1089 1091 1140 ut
1113 1083 1219 1141 dictum

82 1191 105 1261 t,
130 1200 288 1258 suspensus
308 1190 385 1258 erat,
409 1186 523 1259 ipsimet
543 1187 579 1246 de
602 1188 729 1261 patibulo
752 1188 913 1263 depositum
932 1186 1040 1247 feretro
1062 1188 1220 1246 holoserico

82 1296 182 1351 uteoto
202 1293 366 1364 imponunt,
390 1291 536 1350 monachis
557 1298 586 1350 et
607 1290 773 1351 sacrificulis
793 1293 831 1353 ud
850 1298 1002 1366 utrumque
1021 1292 1132 1351 funeris
1146 1293 1220 1351 latus

82 1396 185 1455 dentes
200 1410 297 1454 cereas
309 1395 500 1471 portantibus,
509 1412 567 1455 uno
582 1399 769 1472 vespillonum
783 1400 893 1472 pertica
906 1400 992 1471 longa
1004 1399 1095 1456 crucis
1109 1400 1220 1471 signum

82 1518 138 1578 per
162 1502 310 1560 lucernam
329 1506 459 1575 gestante
478 1508 508 1561 et
526 1509 683 1576 praeunte,
707 1520 760 1562 suo
780 1520 860 1564 more
880 1510 966 1563 terra
981 1503 1114 1562 condunt.
1146 1503 1220 1561 Nam

82 1606 128 1666 md
143 1598 329 1681 ipsos‘furarl
343 1607 456 1681 piaculo
469 1614 529 1667 uon
545 1608 665 1667 ducitur.

139 1711 265 1772 Domine
278 1710 368 1784 Deus,
390 1727 503 1786 magne,
527 1715 651 1788 sapiens,
675 1714 824 1773 miserator
843 1724 873 1773 et
889 1716 975 1787 juste,
999 1715 1041 1772 tui
1061 1720 1091 1772 et
1108 1714 1174 1772 coeli
1192 1720 1222 1772 et

82 1819 130 1879 liis
151 1823 296 1878 terrarum
315 1822 395 1891 suut,
418 1820 532 1891 tuisque
552 1834 634 1877 omne
654 1820 746 1878 solum
767 1821 861 1893 patria
882 1824 934 1878 est.
972 1820 1011 1877 Et
1032 1824 1138 1892 prater
1160 1818 1221 1875 haec

82 1928 137 1984 iam
152 1923 254 1983 orbem
273 1928 417 1983 terrarum
435 1938 489 1997 per
507 1923 636 1983 homiues
656 1925 800 1999 sapientes
815 1925 845 1982 in
861 1926 986 1996 climata,
1010 1940 1107 1997 regna,
1130 1923 1220 1995 dyna-

82 2032 120 2091 las
135 2035 167 2090 et
186 2029 313 2089 dominia
332 2033 389 2088 tuoe
407 2028 511 2097 diuina
526 2030 675 2102 sapientiae
689 2028 845 2104 disponere
865 2029 980 2102 placuit,
1014 2028 1153 2100 Quoniam
1167 2029 1220 2102 igi-

82 2153 96 2195 r
114 2135 186 2194 milri
204 2134 324 2208 indiguo
346 2139 376 2193 et
397 2133 508 2193 misello
526 2134 569 2192 tui
588 2134 666 2194 orbis
687 2134 793 2192 terreni
813 2135 1021 2206 portiunculam
1040 2134 1165 2206 aliquam
1185 2132 1222 2192 de

82 2239 223 2301 unalitate
237 2244 289 2298 tua
307 2237 524 2313 gubernandam
543 2238 685 2314 impartiri
705 2237 837 2311 diguatus
858 2255 898 2312 as,
922 2244 951 2298 te
969 2255 1022 2311 per
1041 2255 1113 2310 eum,
1138 2254 1221 2311 quem

82 2362 104 2407 o
118 2345 203 2405 uobis
217 2345 362 2403 victimam
375 2342 439 2403 llari
454 2343 569 2403 voluisti
584 2359 725 2417 quemquo
740 2344 853 2402 unicum
871 2343 1055 2405 mediatorem
1077 2348 1105 2402 et
1120 2347 1221 2402 testem

82 2450 141 2509 uias
163 2453 233 2510 ante
252 2453 283 2508 te
304 2454 417 2525 patrem
438 2453 578 2507 aternum
598 2449 697 2508 Jeaum
718 2447 861 2507 Christum
882 2448 995 2521 dedisti,
1020 2449 1168 2521 deprecor,
1190 2452 1222 2505 ut

82 2555 129 2617 lud
143 2555 323 2630 principatus
338 2555 423 2628 hujus
438 2554 526 2614 seculi
539 2554 671 2628 gratiam
695 2555 768 2612 citra
786 2558 882 2613 tamen
901 2555 1022 2612 nominis
1042 2555 1085 2610 tui
1100 2553 1223 2611 dedecus

82 2661 231 2722 emimulae
251 2674 324 2719 mea
343 2660 509 2736 periculum,
533 2661 675 2720 inveniam
694 2661 724 2718 in
743 2664 907 2733 terramque
927 2663 1054 2717 nostram
1074 2661 1222 2716 revertens

82 2769 240 2840 acutionem,
264 2780 322 2839 qua
335 2781 382 2824 me
396 2766 514 2837 vomsti,
537 2765 590 2824 tibi
604 2766 712 2824 servire
731 2760 742 2798 ¹
757 2780 868 2836 queam.
900 2764 966 2822 Fiat
980 2769 1075 2822 autem
1090 2763 1223 2821 noluntas

82 2874 238 2933 amanet
253 2876 362 2944 macta,
383 2872 482 2932 veniat
501 2885 621 2944 regnum
640 2875 720 2928 tuum
740 2868 907 2943 perlectum,
931 2874 1032 2928 contra
1052 2868 1129 2941 quod
1148 2884 1222 2926 nuuc

82 2976 123 3037 uls
137 2982 169 3036 et
181 2983 262 3036 terra
275 2980 335 3036 mm
349 2975 472 3050 superbe
486 2975 618 3050 insurgit.
649 2974 757 3034 Panem
777 2976 856 3034 verbi
874 2974 912 3035 da
927 2980 955 3033 ct
970 2976 1109 3048 corporis,
1125 2980 1222 3048 patres

82 3088 143 3145 nos
161 3082 269 3156 largire
288 3086 319 3141 ot
339 3079 468 3141 subditos
487 3096 578 3140 serva.
611 3080 655 3140 Sit
675 3079 731 3140 tibi
750 3096 820 3140 eura
840 3080 986 3138 uxorcula
1004 3085 1034 3138 et
1048 3077 1152 3138 filiola.
1184 3080 1222 3137 Et

82 3188 188 3249 muium
207 3186 314 3260 omnia,
340 3202 404 3260 quae
423 3187 498 3245 iuste
517 3189 660 3260 premunt,
685 3184 723 3244 ob
742 3184 952 3244 multitudinem
970 3190 1153 3258 peccatorum
1171 3200 1222 3244 no

82 3284 178 3353 ¹lituum
197 3291 332 3365 patimur,
356 3290 466 3351 dimitte
486 3289 570 3350 nobis
590 3290 687 3350 debita
705 3295 813 3363 nostra,
838 3291 863 3348 si
883 3289 996 3363 quidem
1018 3297 1048 3355 et
1067 3306 1118 3348 nos
1138 3289 1180 3366 (id
1194 3296 1223 3348 te

82 3394 192 3471 mue)
214 3396 384 3455 remittimus
405 3396 581 3456 debitoribus
603 3396 718 3454 nostris.
754 3396 794 3453 Et
812 3410 849 3453 ne
870 3411 922 3453 nos
942 3395 1059 3453 inducas
1079 3396 1109 3452 in
1129 3400 1222 3454 tenta-

82 3504 171 3581 fflr'sm,
194 3502 249 3560 hoo
268 3506 322 3575 est,
345 3506 474 3576 opater,
499 3516 534 3560 ne
555 3516 608 3558 nos
627 3500 709 3558 nobis
728 3501 868 3574 relinque,
892 3517 928 3558 ne
948 3502 1121 3574 postliminio
1142 3516 1222 3559 mun·

82 3598 117 3685 U,
138 3621 209 3667 caro
229 3612 260 3665 et
277 3611 422 3666 veterator
441 3606 490 3665 ille
504 3621 623 3680 serpena
643 3605 752 3665 Sathan
767 3621 785 3664 a
799 3602 859 3663 filio
874 3611 924 3663 tuo
941 3606 1053 3678 devicti,
1078 3605 1158 3664 nobis
1173 3605 1223 3664 do-

82 3710 209 3785 butur.
241 3711 299 3770 Sed
317 3710 409 3770 libera
428 3725 479 3769 nos
498 3728 517 3770 a
537 3713 621 3784 mmo,
645 3709 727 3769 aufer
747 3711 893 3775 tristitiam
913 3711 1041 3775 inutilem
1063 3714 1091 3768 et
1105 3710 1142 3768 da
1156 3726 1223 3767 con·

82 3814 201 3881 {onem
215 3830 323 3889 veram,
347 3830 484 3889 spemque
498 3815 620 3889 fidelem,
644 3822 673 3875 et
688 3816 756 3888 quia
777 3814 812 3873 de
833 3815 880 3873 die
900 3816 930 3873 in
952 3814 1025 3872 diem
1045 3820 1175 3886 tempora
1195 3814 1225 3870 in

82 3922 136 4001 μ
156 3924 296 3994 vergunt,
325 3919 445 3994 largire,
469 3936 486 3980 ο
506 3920 633 3995 domine,
658 3932 765 3994 quote
786 3926 905 3980 vocante
930 3923 1060 3992 prompte
1083 3922 1112 3974 et
1134 3917 1225 3975 avidis

87 4032 97 4053 ²*
635 4052 650 4087 a

82 4138 84 4143 '
123 4144 137 4192 1
158 4142 173 4189 l
191 4150 306 4189 senato.
