2706 4530
148 201 293 260 dominnm
317 200 460 260 constanti
474 200 570 259 animo
586 195 731 257 confessus
746 199 793 272 sit,
808 199 878 273 quin
891 205 923 258 et
933 195 1060 273 crucifigi
1074 198 1174 273 voluit,
1190 196 1264 261 lucia
1277 200 1311 264 td

145 310 253 364 terram
269 320 354 364 versa
368 309 422 362 etc.
446 303 585 376 Quodque
601 303 709 375 absque
732 303 776 361 his
798 304 897 377 donis,
923 320 986 376 quae
1003 303 1132 362 Christus
1153 305 1311 364 hominibus

144 411 239 483 dedit,
263 409 334 468 nihil
349 425 513 482 possemus,
538 408 666 480 allegans
690 408 830 479 psalmum
847 411 903 481 68,
928 409 1018 471 multa
1032 409 1171 482 eJusmodi
1187 409 1273 491 docta
1286 417 1312 471 et

143 515 298 572 christiana
313 514 494 587 simplicitate
506 497 619 572 doeens.
644 512 718 570 Nam
732 518 839 585 praeter
850 514 930 590 (raro
947 514 1012 572 huic
1026 514 1156 573 concioni
1172 513 1310 589 interfuit)

143 619 218 676 cives
233 618 333 677 domus
349 616 480 675 familias.

232 721 303 780 Cum
317 721 435 782 Liborio
450 720 520 778 nihil
535 722 570 781 de
586 723 666 794 equis
682 721 863 782 remittendis
877 722 925 796 agi
940 723 1045 796 potuit.

230 827 340 886 Eadem
362 823 526 886 sollicitatio
550 826 626 900 apud
641 827 861 886 Atrebatensem
882 826 1058 901 intermissa,
1084 842 1138 886 nec
1156 827 1311 890 Nassarius

141 939 214 992 aute
223 914 371 990 meridiem
386 931 532 989 conveniri
548 932 661 1004 potuit,
685 949 719 991 eo
740 930 817 1003 quod
837 932 1067 1006 archiepiscopus
1088 931 1267 993 Coloniensis
1286 941 1312 994 et

140 1038 202 1111 ipse
225 1035 261 1094 de
286 1034 469 1094 resarcienda
492 1036 645 1113 concordia
666 1034 789 1113 filiorum
805 1033 937 1096 Ottlronis
963 1037 997 1094 de
1016 1037 1164 1112 Rethberg
1184 1045 1309 1112 agerent.

141 1141 258 1199 Otthoni
274 1145 369 1197 autem
385 1139 441 1197 duo
456 1146 609 1211 supersunt
622 1139 683 1213 filii,
704 1147 777 1200 natu
792 1143 883 1214 major
899 1141 986 1200 Ottho
1002 1147 1031 1199 et
1046 1142 1108 1215 ipse
1123 1144 1249 1218 nomine,
1265 1161 1310 1203 ua·

141 1252 187 1303 tus
209 1250 301 1303 matre
328 1260 343 1302 e
365 1245 454 1317 stirpe
474 1245 607 1311 cerritum
629 1245 665 1303 de
690 1245 781 1318 Seyn,
807 1250 836 1304 et
853 1245 981 1308 'Joaunes
1001 1243 1076 1304 filius
1097 1247 1204 1306 sororis
1224 1247 1309 1308 domi·

141 1365 243 1407 norum
257 1348 431 1420 Frisiorum,
455 1364 526 1420 quos
541 1347 668 1408 Juncker
685 1349 827 1408 Omeker'rs
843 1366 923 1408 soene
940 1349 1098 1424 Casparum
1112 1351 1310 1413 Balthasarum

141 1458 170 1512 et
185 1452 328 1512 Simonem
345 1452 502 1512 nominant.
1135 1469 1138 1474 ·

229 1557 334 1618 Petrus
355 1557 519 1637 aDeustad
541 1556 647 1618 loanni
667 1557 816 1617 Friderico
840 1558 905 1619 duci
927 1560 1042 1619 electori
1063 1566 1116 1621 etc.
1140 1561 1188 1620 lric
1210 1564 1309 1620 oeium·

140 1680 242 1722 narum
257 1679 374 1722 suarum
389 1664 482 1722 socius
497 1670 527 1722 et
543 1679 561 1722 a
576 1662 696 1735 dapibus
712 1661 840 1721 ferendis
856 1670 907 1722 est.

228 1769 346 1842 Lanius,
363 1786 381 1827 a
396 1784 452 1841 quo
468 1769 558 1827 nostri
573 1783 674 1826 earnes
690 1767 852 1828 esculentas
864 1769 1084 1844 comparabant,
1095 1772 1202 1844 scripto
1216 1778 1250 1832 ut
1263 1788 1307 1836 ,vo-

139 1874 244 1934 cabant
268 1874 483 1946 supplicationis
507 1874 627 1953 comites
640 1889 658 1930 a
673 1871 813 1931 Waldeek
836 1875 961 1947 rogavit,
987 1879 1019 1952 ut
1041 1890 1094 1947 pro
1108 1874 1199 1946 fratre
1215 1877 1308 1951 ipsius,

139 1979 235 2038 nescio
251 1978 288 2038 ob
304 1978 381 2050 quod
395 1978 573 2038 commissum
589 1977 667 2050 apud
683 1978 816 2035 consules
826 1977 965 2051 Augustae
980 1968 1208 2053 intercedereut;
1224 1997 1308 2056 nego·

138 2084 210 2142 tium
225 2083 280 2142 hoc
294 2082 401 2141 Joanni
415 2082 501 2140 Hako
517 2086 546 2139 et
563 2082 647 2141 Josto
664 2081 850 2142 Colmachero
867 2083 1025 2155 injunctum
1040 2089 1093 2142 est.
1120 2089 1122 2094 '

228 2187 368 2247 Dominus
384 2187 419 2246 de
435 2186 618 2251 Brabautuon
641 2188 703 2245 heri
719 2202 755 2244 ex
775 2186 934 2246 Brabantia
954 2187 1103 2247 advenisse
1121 2187 1240 2264 dicitur,
1264 2191 1309 2265 qui

140 2293 218 2352 intra
234 2293 359 2365 quinque
374 2290 434 2350 dies
450 2307 467 2350 a
483 2290 615 2349 Brusella
629 2290 794 2349 Brabantiae
806 2290 964 2364 Augustam
979 2291 1161 2367 adequitasse
1175 2293 1309 2354 creditur.

138 2397 245 2456 Eadem
263 2395 380 2455 Carolus
397 2413 414 2455 a
430 2395 555 2455 Stoclren
570 2395 715 2453 nobiscum
731 2412 854 2468 pransus
870 2405 922 2457 est.
1073 2461 1077 2465 ,

227 2503 250 2561 0
268 2502 381 2561 domine
396 2502 415 2560 J
417 2518 476 2576 esu,
493 2501 560 2575 quia
575 2501 708 2559 immotus
723 2508 816 2561 sermo
834 2503 964 2562 veritatis
979 2509 1036 2562 tuae
1052 2505 1210 2577 permanet,
1228 2521 1308 2577 quem

138 2607 284 2682 discipulis
299 2607 356 2666 tuis
372 2608 482 2667 locutus
499 2623 543 2681 es,
562 2607 673 2665 dicens:
696 2605 783 2664 «Sine
798 2616 844 2664 nte
859 2607 929 2665 nihil
944 2608 1063 2680 potestis
1078 2606 1204 2683 lacera»
1222 2626 1308 2682 quare

135 2713 194 2783 iam
214 2716 275 2768 tum
295 2713 324 2768 in
348 2720 443 2770 moute
465 2712 563 2771 oliveti
583 2701 684 2770 coelos
695 2720 865 2770 ascensurus
887 2729 923 2772 er
942 2712 1038 2772 divina
1057 2719 1109 2774 tua
1131 2716 1308 2788 prescientia

137 2829 186 2872 eos
202 2830 303 2872 cavere
316 2815 435 2887 jussisti,
453 2830 488 2872 ne
504 2816 541 2874 ab
558 2816 764 2888 Hierosoly-mis
780 2816 969 2890 discederent,
986 2823 1139 2892 antequam
1153 2821 1260 2881 virtute
1276 2837 1308 2881 er
1341 2807 1351 2849 ⁴·

137 2919 196 2977 alto
218 2918 423 2992 induerentur,
452 2920 630 2992 agnoscimus
651 2921 838 2993 cogitationes
859 2927 973 2981 nostras
993 2919 1089 2982 futiles
1115 2930 1150 2982 et
1162 2925 1307 2998 evanidas,

137 3021 280 3081 emarcida
301 3036 414 3095 quoque
436 3030 464 3082 et
485 3039 549 3096 quae
570 3025 696 3084 stultitia-
713 3025 845 3084 humanae
870 3027 1012 3086 vanitatis.
1030 3027 1111 3087 nobis
1136 3031 1307 3090 somniamus
1348 3098 1351 3105 Ι

138 3142 234 3201 opera.
259 3127 301 3186 Te
315 3129 412 3200 igitur,
429 3129 576 3186 mitissime
590 3136 686 3188 reret
701 3131 837 3204 salvator,
857 3131 916 3202 jam
940 3137 1006 3204 post
1020 3136 1195 3207 assumptam
1209 3133 1305 3193 huma·

136 3234 255 3292 nitatem
275 3232 358 3292 deum
381 3249 481 3292 verum
501 3241 530 3293 et
550 3236 692 3294 hominem
713 3234 751 3293 ad
773 3236 921 3294 dexteram
936 3235 992 3295 Dei
1005 3238 1097 3311 patris
1117 3238 1265 3317 sedentem
1281 3246 1308 3298 et
1349 3286 1351 3291 .

136 3341 305 3409 regnantem
320 3337 520 3412 deprecamur,
542 3344 573 3397 ut
589 3340 690 3412 spiritu
705 3346 756 3399 tuo
771 3339 845 3398 bono
860 3339 943 3399 nobis
966 3338 1080 3414 adesse,
1104 3343 1153 3414 qui
1168 3360 1307 3418 nusquam

136 3455 194 3498 non
209 3456 250 3513 es,
275 3441 390 3519 velis-et
404 3442 492 3502 corda
506 3450 607 3504 nostra
622 3446 727 3503 virtute
743 3445 852 3503 exalto
867 3444 1004 3519 induere,
1026 3451 1101 3505 utts
1117 3446 1206 3520 digua
1220 3454 1251 3507 ct
1265 3449 1305 3509 fa-
1347 3499 1351 3531 ,

136 3560 202 3602 cere
217 3550 247 3604 et
261 3547 389 3619 cogitare
405 3549 562 3622 valeamus,
578 3550 665 3623 idque
680 3566 733 3622 per
746 3551 975 3622 tuammetipsam
990 3551 1155 3625 bonitatem,
1172 3553 1222 3626 qui
1235 3555 1306 3612 rivis

135 3654 164 3709 et
187 3665 291 3724 regnas
319 3667 381 3709 eum
407 3651 471 3711 Deo
494 3659 576 3726 patre
603 3660 632 3712 et
656 3670 738 3713 sacro
766 3660 918 3726 pneumate
944 3655 1014 3713 deus
1041 3655 1135 3713 trinus
1158 3663 1203 3716 est
1224 3673 1304 3716 unus.

137 3754 239 3813 Amen.
1346 3765 1351 3796 ¹

226 3858 365 3932 Quoniam
381 3877 455 3920 vana
470 3877 535 3934 spes
550 3861 586 3919 ab
599 3860 722 3936 homine,
738 3861 892 3923 fortissime
901 3863 1118 3925 ChristeSehilo
1131 3872 1165 3926 tu
1179 3872 1305 3928 nostram

136 3980 251 4023 causam
267 3980 330 4038 age.

223 4068 333 4128 Eadem
355 4069 431 4128 inter
453 4069 569 4130 tertiam
590 4077 620 4128 et
642 4073 773 4147 quartam
795 4074 1020 4145 pomeridianam
1041 4074 1128 4135 horas
1143 4073 1242 4136 cesar
1256 4093 1305 4154 per
