2678 4546
54 246 256 321 dotorem
282 245 508 321 nscbmbenn,
547 247 614 306 b'nd
647 248 687 305 ist
715 262 801 308 unser
833 244 1005 307 melich
1033 248 1102 322 bitt,
1136 248 1172 308 m
1200 248 1234 309 1.

56 352 145 411 welle
166 352 263 411 dieses
285 368 326 411 an
351 350 570 424 cbegcuanteun
594 349 732 411 Graiicnn
751 368 828 412 sonu
847 352 988 413 Waldeck
1010 350 1164 413 iorderlicb
1183 368 1234 427 ge·

56 457 335 531 langenulasseun,
354 452 524 515 rnndileiss
538 457 668 529 babenm
691 456 782 516 Inenu
804 457 907 516 damn
921 457 1102 533 rubewegen,
1125 460 1235 517 sicsic

58 561 118 621 dan
131 578 237 621 vusers
250 562 408 620 recolens
422 559 489 619 woll
503 562 639 621 werdenn
652 563 762 621 rutbnn
776 564 910 636 wissenn,
931 562 1011 623 unni
1024 560 1092 621 urm
1105 560 1167 637 tart,
1182 562 1235 623 das

59 683 91 726 er
106 666 172 726 sicb
186 666 367 727 dartnwua
381 665 565 738 gebramben
574 669 700 741 bessem,
715 683 749 726 so
764 673 840 726 must
852 684 886 727 er
900 667 961 726 sicb
975 666 1089 727 nebeim
1102 666 1235 729 adanu

60 771 137 831 deun
160 788 289 831 rnscrnn
309 770 468 831 mericii
488 770 531 831 vii
546 772 594 832 dic
613 772 700 832 Reise
719 771 872 847 mathena,
893 774 946 831 sie
970 771 1049 831 lbme
1063 772 1144 831 ima
1157 788 1235 834 ronn

60 893 135 936 runs
156 875 201 936 νῆ
210 877 297 935 Eser
315 877 574 937 widcrsrbreibenn
594 879 664 938 zeitt
682 877 761 936 vnnd
783 875 918 937 maistadt
939 877 997 937 solt
1016 878 1151 950 bestimpt
1163 892 1235 937 rtem

61 981 147 1056 deun,
162 983 250 1040 Ewcr
264 982 337 1042 Licb
350 982 473 1042 rebeum
494 983 554 1041 sich
573 982 724 1043 bierinnen
744 982 918 1043 irenndtlicb
938 980 1017 1041 rnnd
1036 982 1235 1044 vnbesmners

61 1088 245 1161 criscigcnn,
264 1087 318 1145 wie
332 1088 384 1145 wir
404 1103 457 1145 vus
480 1085 654 1147 irenndtlicb
668 1105 704 1147 ru
718 1078 894 1147 denselbenu
907 1086 1075 1162 remehone,
1090 1086 1143 1147 (ies
1157 1088 1234 1147 seint

60 1194 111 1251 wir
138 1191 207 1251 vmb
232 1191 269 1250 Ε.
295 1189 332 1248 L.
357 1187 532 1251 ireuudtlicb
555 1192 768 1252 znrcrdionenn
789 1194 916 1268 genem.
954 1190 1061 1251 Datum
1086 1190 1232 1267 Weymar,

61 1297 191 1371 dinstags
204 1296 280 1356 nach
295 1295 519 1375 demtbciligenn
534 1313 633 1357 neren
647 1298 783 1373 Jarstege
797 1315 874 1359 anno
889 1296 997 1358 domini
1012 1296 1142 1370 xva-aiij.

87 1458 90 1462 .
171 1402 257 1461 Vunn
277 1399 361 1460 Gotts
381 1400 516 1475 guadenn
534 1401 647 1462 lobans
671 1403 840 1463 lbiedericb
871 1403 923 1463 (ier
947 1404 1030 1463 Elter
1049 1402 1177 1476 lleruog
1196 1416 1232 1461 ru

62 1506 177 1567 saxeno
199 1505 278 1565 rnnti
297 1506 456 1580 geboreuer
478 1505 630 1567 Gburinrst
649 1506 823 1583 Landtgraii
839 1509 870 1568 in
885 1507 1037 1585 Duringeu
1056 1506 1135 1569 tund
1153 1506 1232 1569 llam

62 1610 136 1686 graii
146 1628 185 1671 zu
198 1611 346 1671 Meissenn
361 1618 416 1688 etc.

685 1717 801 1779 Jobann
817 1716 964 1779 friderich.
980 1716 1015 1777 G.
1032 1714 1186 1778 Charbrret

849 1839 936 1884 manu
951 1824 1070 1898 propria

11 2002 14 2007 Ι
193 1990 196 1995 ,
929 1926 1094 1988 Minckwitr
1109 1926 1146 1987 Ι).
1208 1968 1214 1985 ,

12 2078 15 2083 .
102 2028 176 2090 Ilem
198 2029 428 2104 bochgebornem
452 2048 588 2091 snnserm
611 2032 727 2092 liebenn
755 2030 912 2094 Obcimonn
935 2032 1036 2093 Herum
1057 2030 1230 2094 Wilbelmen

193 2134 327 2196 Gravenn
342 2134 422 2195 vnnd
435 2137 530 2196 herrm
544 2155 580 2196 zu
593 2137 796 2212 Henuebergk.

146 2242 287 2301 perlectis
308 2220 683 2316 benesonantibus
704 2242 751 2303 ue
774 2242 794 2317 n·
814 2243 948 2304 sannam
969 2242 1156 2320 vunenungn
1170 2240 1230 2306 nn

14 2328 20 2335 ’
66 2345 113 2407 boc
126 2348 265 2421 responsi·
275 2349 306 2405 in
321 2348 476 2420 praesentia
490 2348 611 2408 illustris
631 2347 753 2407 dominae
769 2346 931 2408 Catharinae
947 2364 966 2407 a
981 2348 1165 2425 Hennebcrg,
1180 2366 1228 2412 uu·

65 2452 174 2512 mitissae
197 2452 228 2511 in
249 2451 466 2526 Schwartzburg
486 2451 579 2511 viduae
603 2452 776 2511 charissima
792 2459 898 2512 nostroe
914 2468 1026 2528 socrus,
1043 2472 1107 2529 quoe
1123 2460 1153 2515 ct
1166 2454 1230 2529 ipsa

66 2557 170 2632 smiptis
189 2571 208 2616 a
230 2561 314 2631 patre
329 2562 359 2616 et
373 2573 509 2630 germano
524 2558 598 2632 suis,
621 2563 653 2616 ut
667 2556 762 2615 colcar
777 2557 859 2617 nobis
879 2556 1014 2632 adderet,
1044 2576 1101 2633 quo
1116 2556 1228 2619 lacibus

65 2658 123 2721 huic
145 2659 320 2737 profectioni
340 2664 560 2735 assentiremus,
588 2661 807 2736 sollicitaverat,
831 2660 930 2723 datum
945 2666 1005 2737 est,
1022 2668 1051 2723 et
1065 2662 1166 2723 eadem
1181 2660 1229 2723 dic

56 2765 263 2854 'litzenhagius
285 2764 323 2824 ad
337 2781 404 2825 suos
418 2767 562 2842 principes
577 2768 633 2825 iter
648 2767 794 2841 ingressus
809 2772 862 2826 est.
898 2768 994 2827 Primo
1009 2767 1095 2841 quod,
1112 2784 1176 2842 qaus
1192 2766 1228 2829 dc

65 2869 250 2947 benignitate,
273 2871 366 2931 amico
386 2870 490 2931 affectu
509 2878 539 2931 et
554 2871 657 2932 oblatis
672 2871 817 2944 obsequiis
833 2872 919 2947 dixit,
942 2871 1033 2934 insius
1049 2878 1078 2933 et
1092 2888 1150 2948 qna
1165 2870 1228 2934 fleri

64 2981 153 3050 potest
166 2976 378 3050 benevolentia,
393 2977 424 3034 in
439 2979 532 3036 sinum
546 2977 589 3036 illi
603 2975 798 3037 refundamus.
835 2979 984 3040 Praeterea
1004 2979 1082 3055 qnod
1097 2977 1135 3040 cd
1149 2978 1227 3041 litte·

63 3096 104 3142 ras
122 3081 310 3143 illustrissimi
336 3079 417 3141 ducis
437 3080 569 3141 Saxoniae
595 3081 654 3140 nati
678 3082 809 3143 electoris
830 3088 883 3143 etc.
914 3083 1110 3160 benignissimi
1136 3081 1227 3144 nostri

63 3187 193 3261 principis
207 3186 320 3260 attinet,
337 3202 390 3245 nos
405 3201 441 3245 ex
454 3185 499 3245 his
515 3186 614 3261 optimi
628 3187 766 3262 principis
790 3189 927 3262 optimum
942 3190 1103 3250 institutum
1118 3202 1228 3249 summa

64 3305 119 3351 cum
132 3291 238 3351 latitia
252 3289 367 3365 legisse,
392 3306 516 3351 moerore
532 3308 600 3352 vero
620 3309 678 3352 non
693 3307 782 3366 parvo
798 3294 859 3368 ejus
875 3294 928 3354 viri
943 3296 1064 3370 lapsum,
1080 3294 1161 3370 culus
1176 3311 1228 3354 no·

63 3411 120 3457 meu
133 3398 229 3457 literae
243 3395 334 3470 ipsius
348 3393 427 3453 ducis
443 3395 616 3470 exprimunt,
633 3412 686 3456 nec
700 3397 808 3471 absque
828 3399 928 3460 intimo
943 3401 1031 3459 animi
1046 3398 1145 3461 dolore
1159 3415 1226 3475 per·

63 3503 175 3576 cepisse.
215 3501 336 3573 Nosque
355 3501 464 3574 gratias
484 3501 659 3562 immortales
675 3518 737 3561 uum
754 3502 851 3564 debita
865 3504 1052 3566 submissione
1068 3504 1154 3565 animi
1169 3519 1228 3564 non

62 3607 147 3666 solum
161 3606 229 3666 daci
243 3605 376 3679 electori,
402 3605 454 3664 sed
469 3605 590 3664 dominis
606 3607 665 3665 snis
679 3608 755 3681 patri
769 3607 902 3668 nimirum
918 3616 948 3670 ct
960 3608 1040 3671 efflui
1055 3610 1161 3671 numnis
1175 3604 1226 3668 ob·

62 3711 206 3773 mannis
220 3716 250 3770 et
270 3709 445 3770 charissimis
464 3726 567 3786 agere,
583 3711 661 3784 quod
685 3712 801 3788 dignum
821 3730 866 3774 me
882 3714 1031 3787 duxerint,
1053 3714 1155 3788 quoin
1167 3716 1227 3770 tam

61 3815 104 3889 pia
115 3815 477 3887 montemontano
489 3817 646 3876 certissime
661 3818 740 3892 ipsis,
751 3818 828 3892 quod
843 3835 897 3894 pro
912 3817 969 3878 fide
984 3822 1014 3877 et
1028 3819 1149 3878 veritate
1163 3830 1228 3876 mea

62 3917 185 3996 affirmo,
208 3935 381 3996 pmsumum
395 3919 536 3993 habeant,
557 3922 582 3979 si
597 3937 656 3980 uon
669 3938 734 3983 meo
748 3939 794 3981 me
813 3922 930 3983 modulo
944 3923 1064 3981 metiens
1079 3922 1130 3982 tali
1146 3920 1227 3982 ouerl

62 4021 193 4102 imparem
204 4026 389 4100 comperiam,
397 4024 506 4084 nulium
515 4025 545 4083 iu
557 4031 620 4084 tota
629 4025 783 4087 Germania
798 4043 861 4087 esse
874 4027 1041 4101 principem,
1057 4026 1103 4086 cni
1117 4026 1227 4100 majore

62 4131 143 4193 trini
156 4131 312 4194 mute
324 4145 434 4190 murem
448 4145 550 4206 gerere
565 4145 713 4209 cuperem,
728 4133 808 4207 cnjus
822 4132 854 4192 in
866 4147 913 4194 me
925 4145 1062 4206 meosque
1076 4128 1227 4210 bmebcia,
