2706 4530
612 47 656 112 95

47 224 194 284 adducens
210 224 334 284 Paulum
351 212 558 297 'corripientem
574 225 751 299 Corinthios,
781 227 858 301 quod
878 244 909 288 se
929 231 1001 288 alius
1022 229 1118 304 Pauli,
1147 233 1221 290 nlius

47 326 160 404 Gepbae,
186 329 260 388 alim
281 328 424 404 Apollinis
445 330 575 404 discipuli
595 332 787 403 gloriarentur
808 349 880 393 esse.
911 334 973 393 Nec
992 335 1107 395 interim
1128 337 1219 410 negli-

45 448 112 508 gens
128 435 261 508 papistas
276 438 305 492 et
319 433 473 494 monachos
489 434 593 494 diversi
609 435 717 494 ordinis
733 442 762 495 et
777 438 891 512 similes,
917 440 967 511 qui
988 455 1045 499 non
1060 441 1090 497 in
1106 440 1219 500 Christo

45 525 165 596 sed'snb
180 539 241 596 suis
255 540 386 612 patronis
408 545 481 597 suut.
519 540 591 598 Item
611 545 713 599 taxans
734 557 769 599 ex
788 544 904 616 nostris,
929 546 978 616 qui
998 543 1086 604 verbo
1107 550 1218 604 tautum

44 646 71 701 et
92 640 410 703 oretenuschristioui
432 649 507 702 sunt.
545 643 607 703 Nec
626 646 702 703 enim
725 643 855 721 sufficere
876 646 929 720 ait,
955 649 1020 706 ritis
1039 665 1153 709 succum
1175 657 1217 709 at·

44 748 178 832 munisse,
203 747 254 806 sed
268 752 403 821 oportere
419 754 452 806 ut
466 764 536 807 uvas
552 753 581 806 et
595 748 694 808 botros
716 747 850 809 feramus.
882 750 939 810 Sed
958 751 1034 811 dices
1053 752 1141 812 forte:
1164 754 1219 826 Qui

43 853 116 911 scire
135 867 266 926 possum,
291 853 408 925 quaudo
431 853 460 910 iu
483 851 597 912 Christo
617 852 767 912 maneam?
803 854 975 930 Respondit:
998 855 1069 914 (lum
1090 859 1217 932 spiritus,

44 958 91 1029 qui
103 957 194 1036 estin
206 957 330 1030 homine,
342 959 423 1030 sciat,
432 956 501 1030 qnid
514 959 552 1016 sit
565 958 595 1016 in
608 956 731 1031 homine,
740 957 823 1018 facile
835 962 994 1034 resciveris,
1004 978 1071 1019 num
1083 978 1120 1020 ex
1132 963 1218 1021 corde

44 1059 114 1120 bene
129 1076 203 1134 erga
217 1059 361 1119 Christum
376 1055 494 1120 affectus
510 1062 557 1135 sis,
582 1079 619 1120 an
635 1077 724 1122 secus.
757 1063 831 1135 Quia
846 1071 942 1124 autem
961 1065 1070 1138 palmes
1090 1063 1219 1124 nonsart

42 1160 166 1223 nucum
189 1170 271 1224 extra
292 1164 394 1238 vitem,
424 1165 595 1225 manendum
617 1167 670 1226 tibi
692 1169 722 1226 iu
747 1165 861 1228 Christo
884 1176 928 1228 est
950 1175 980 1229 et
1002 1169 1048 1227 hic
1071 1170 1218 1243 rogandus

42 1274 97 1344 est,
122 1274 157 1327 ut
174 1270 260 1343 juxta
281 1271 498 1343 promissionem
520 1287 600 1330 snam
623 1273 653 1329 in
675 1275 704 1330 te
726 1278 848 1331 maneat.
887 1273 926 1332 Ει
947 1281 1089 1347 pretereo
1112 1274 1217 1333 multas

41 1375 185 1434 salptores
203 1390 366 1448 paraeuases
388 1391 423 1434 ex
443 1375 497 1434 hoc
516 1379 597 1433 textu
616 1375 644 1434 d.
666 1376 814 1436 Musonius
834 1376 979 1451 produxit.
1010 1379 1067 1437 Det
1086 1377 1217 1439 Christus

41 1480 189 1553 domiuus,
212 1483 245 1537 ut
263 1481 294 1538 in
311 1495 346 1540 co
366 1494 592 1555 permaneamus,
617 1487 646 1538 et
664 1481 726 1555 ipse
744 1483 775 1540 in
795 1481 878 1542 uobis
898 1499 1014 1542 manere
1034 1484 1112 1555 velit,
1133 1485 1217 1555 juxta

40 1584 200 1658 ipsiusmet,
224 1585 274 1657 qui
289 1584 352 1658 ipsa
367 1590 412 1644 est
430 1587 546 1659 ueritas,
569 1586 796 1660 promissionem.
828 1587 862 1644 ln
883 1588 1126 1647 obsecrationibus
1141 1590 1217 1647 inter

40 1693 146 1748 catera
168 1702 253 1748 orare
272 1703 325 1761 pro
345 1690 532 1764 imperatore,
556 1705 638 1763 rege,
667 1689 837 1750 electoribus
859 1694 889 1748 et
910 1691 1040 1751 omuibus
1063 1693 1215 1764 magisca-

39 1781 132 1867 nbns,
155 1776 190 1853 ni
211 1780 288 1852 deus'
303 1792 417 1853 iliorum
438 1797 549 1853 animos
569 1794 709 1855 instillare
730 1794 900 1868 dignaretur
922 1809 1078 1867 agnoscere
1099 1795 1157 1867 qua
1178 1796 1215 1852 sit

41 1895 205 1958 Mesua
218 1899 295 1958 iuter
309 1900 507 1972 magistratum
522 1899 660 1958 turcicum
675 1904 705 1957 et
718 1897 919 1972 christianum,
939 1898 1034 1971 jussit.

130 2002 240 2063 Eadem
261 2004 376 2076 quidam
397 2009 474 2062 certe
495 2001 658 2063 affirmabat
676 2004 754 2061 iutra
773 2001 845 2062 duos
867 2018 979 2062 meuses
998 2005 1112 2064 comitia
1131 2006 1213 2064 abso·

41 2106 103 2167 luta
117 2104 191 2167 fore.
222 2107 281 2167 Sed
297 2123 388 2167 vanus
402 2107 448 2166 bic
462 2107 556 2166 extitit
571 2123 671 2182 augur.

131 2211 288 2286 Postquam
305 2211 503 2271 Atrebatemis
522 2227 541 2271 a
560 2214 682 2287 septima
700 2213 739 2272 ad
759 2220 886 2273 octavam
902 2232 927 2273 a
945 2215 1025 2273 nobis
1048 2219 1214 2288 expectatus

40 2322 125 2390 esset,
148 2317 265 2377 taudem
280 2318 334 2376 hoc
350 2316 431 2376 dedit
449 2319 587 2391 responsi,
612 2332 643 2375 se
664 2317 790 2378 nondum
808 2319 899 2378 nostri
918 2320 1046 2393 potuisse
1066 2318 1142 2392 apud
1161 2320 1212 2376 im·

40 2427 206 2498 potatorem
228 2422 400 2482 mentionem
422 2419 525 2480 facere.
565 2422 694 2495 Rogatus
717 2426 749 2480 ut
773 2423 818 2480 vel
840 2421 934 2480 adhuc
957 2421 1077 2495 iaceret,
1100 2420 1213 2495 faciam,

40 2529 95 2602 ait,
120 2524 175 2586 sed
195 2531 311 2601 oportet
333 2542 383 2586 vos
407 2533 557 2600 expectare
581 2532 691 2598 tempus
714 2525 749 2584 ad
773 2525 801 2583 id
826 2525 1010 2584 commodum.
1054 2525 1164 2583 Aderat
1185 2530 1214 2584 et

40 2630 206 2690 linivenda.
632 2624 635 2629 ’

129 2733 261 2795 Marchio
282 2736 390 2795 elector
412 2734 692 2809 brandenburgensis
714 2740 744 2794 et
766 2749 838 2794 uxor
859 2736 934 2808 ejus,
964 2749 1058 2792 comes
1085 2734 1213 2793 Joanues

40 2820 217 2900 awaideck
232 2845 261 2900 et
270 2839 488 2914 Schombergius
503 2841 731 2913 protospatarius
747 2839 869 2899 Caesaris
883 2838 962 2914 apud
976 2837 1119 2898 dominam
1134 2839 1213 2914 prin-

40 2946 132 3020 cipem
153 2945 266 3005 Hassiae
289 2947 386 3018 pransi
406 2950 481 3003 snut.
514 2943 539 3001 A
559 2944 681 3019 prandio
701 2945 808 3004 elector
827 2960 946 3003 uxorem
966 2959 1046 3002 snam
1068 2949 1098 3002 et
1117 2943 1210 3002 landt-

40 3051 169 3124 gravium
193 3051 223 3108 in
249 3050 349 3108 hortos
371 3049 507 3108 llerbroti
532 3053 682 3107 ramatum
705 3050 800 3121 duxit,
830 3050 879 3108 ubi
902 3049 1045 3107 dominam
1067 3046 1212 3121 landtgrn

40 3156 114 3216 riam
130 3155 229 3227 stipsi
244 3153 360 3213 allocuti
376 3169 485 3226 sumus,
511 3168 574 3212 eam
588 3151 627 3211 ad
639 3152 796 3227 hospitium
817 3153 961 3213 ducentes.

129 3236 228 3319 Allata
247 3265 291 3318 est
307 3257 393 3332 fama,
416 3260 445 3317 iu
460 3256 683 3317 Noviomarchia
700 3258 771 3316 urbs
791 3258 916 3316 Palatini
935 3257 1067 3315 electoris
1087 3243 1213 3313 interdiu

40 3366 118 3426 claro
134 3365 197 3439 jnm
216 3362 277 3422 sole
296 3362 432 3436 templum
451 3361 560 3421 facibus
580 3361 746 3420 ardentibus
767 3359 894 3435 undique
914 3360 1097 3433 completum,
1121 3360 1162 3417 ita
1181 3366 1213 3417 ιιι

39 3469 203 3531 hominibus
223 3469 253 3527 iu
272 3467 337 3526 foro
356 3466 604 3526 deambulantibus
619 3468 749 3540 proximo
768 3469 859 3525 usum
874 3467 912 3524 sit
931 3467 1008 3524 intus
1024 3463 1211 3538 conflagrare,

40 3581 69 3636 st
87 3576 188 3635 nescio
207 3575 257 3651 qni
276 3574 414 3658 tumultus
433 3574 511 3631 intra
529 3573 666 3646 templum
686 3571 776 3631 auditi
795 3574 861 3629 siut.
900 3569 990 3629 Omen
1011 3568 1089 3629 haud
1111 3569 1210 3640 dubie;

39 3679 109 3753 qnid
120 3684 224 3739 *autem
243 3680 408 3752 portendat,
433 3681 512 3739 novit
527 3677 665 3748 dominus,
689 3677 739 3748 qui
753 3675 896 3750 propitius
914 3680 1016 3734 cuncta
1035 3673 1111 3732 mala
1130 3686 1210 3731 aver·

39 3787 92 3845 tat.
123 3784 229 3846 Relctu
244 3782 365 3844 Adriani
381 3799 399 3842 a
414 3783 535 3842 Zertzen
550 3787 580 3841 ct
594 3761 801 3840 Eichstatensis
816 3779 951 3852 episcopi.

81 3910 86 3919 ·
128 3888 261 3948 Marchio
285 3888 392 3948 elector
415 3884 693 3958 brandenburgensis
712 3886 789 3958 apud
809 3900 963 3944 cesaream
983 3883 1160 3953 majestatem
1181 3895 1212 3938 sa

41 4008 95 4066 pro
109 3992 304 4054 Waldeciauis
319 3992 467 4052 comitibus
482 3993 701 4050 intercessurum
717 3991 859 4064 pollicitus
875 3994 926 4046 cst.
1091 4045 1096 4054 ,

127 4097 275 4157 Adrianus
296 4114 314 4155 a
330 4085 449 4156 Zertzen
469 4111 534 4155 cum
554 4094 724 4155 coloniense
738 4093 845 4151 Eubuli
866 4105 934 4163 ergo
955 4090 1048 4161 egisse
1067 4088 1210 4161 gloriaba-
