2678 4546
408 842 497 947 eam
520 843 663 912 netem
686 843 732 912 m
755 843 870 913 esmz.

138 1017 313 1121 Inannquo
329 1047 440 1108 derum
461 1048 492 1108 in
507 1048 622 1109 cbristo
643 1050 764 1110 salutem
784 1054 813 1109 et
831 1049 1025 1123 impletionem
1045 1054 1077 1108 nt
1092 1053 1122 1108 et
1136 1050 1161 1109 si
1176 1064 1220 1112 se·

52 1153 166 1213 ruerint
178 1159 276 1213 tamen
289 1154 414 1229 plantati
427 1154 459 1213 in
472 1154 557 1214 domo
572 1155 679 1214 domini
694 1156 803 1230 segites
818 1158 1015 1228 permaneant.

137 1259 549 1334 Juxteejmqnemutnemine
561 1262 666 1322 sienae
677 1267 772 1321 monet
781 1276 813 1321 re
824 1257 917 1320 refers
927 1265 956 1320 te
969 1260 1111 1333 alloquor,
1124 1258 1221 1318 senior

53 1364 139 1424 eleete
154 1363 269 1424 demine
290 1370 320 1426 et
343 1366 538 1426 amantissime
553 1366 670 1441 Brenti,
695 1365 823 1439 quamvis
844 1366 972 1426 eeelesiae
994 1365 1080 1425 rebus
1095 1378 1149 1423 nee
1162 1379 1221 1422 nen

52 1469 170 1542 publicis
194 1486 229 1529 ee
249 1470 410 1532 domesticis
432 1472 460 1532 d.
482 1475 503 1530 t.
520 1471 654 1531 obrutum
676 1470 763 1530 seiam
783 1473 879 1531 tamen
902 1469 1026 1530 confisus
1040 1468 1077 1528 de
1091 1465 1219 1529 nostrs¹

52 1573 216 1636 Ratisbonae
233 1575 307 1635 inita
326 1581 357 1636 et
370 1575 545 1650 Stutgardiee
569 1582 709 1636 renovate
723 1576 829 1636 ameris
849 1591 919 1649 erge
934 1574 1003 1633 mihi
1017 1574 1147 1635 inhibere
1162 1589 1220 1634 nen

53 1681 129 1752 potui
143 1680 191 1739 his
205 1681 306 1755 paneis
321 1680 350 1740 d.
365 1684 387 1739 t
402 1680 596 1754 interpellare.
634 1682 674 1741 Et
687 1682 810 1756 nmmum
833 1681 916 1765 qnasi
931 1683 997 1753 pest
1010 1694 1140 1737 somnum
1154 1677 1218 1737 dul·

53 1784 191 1845 dammam
205 1787 331 1859 quietem
345 1802 442 1845 rernm
451 1784 488 1862 (si
502 1787 646 1847 veteribus
661 1788 753 1860 poetis
767 1785 839 1847 fides
855 1801 921 1846 esse
935 1781 1034 1858 debet)
1049 1785 1080 1841 in
1094 1786 1220 1842 mentem

54 1888 203 1964 tliqmndo
219 1890 248 1951 d.
264 1892 399 1951 tvenne
414 1889 550 1966 arbitror,
567 1893 645 1964 qued
658 1893 725 1951 elim
738 1892 905 1952 Ratisbenee
920 1889 988 1950 dum
1003 1889 1059 1963 pise
1073 1887 1219 1947 memoria

54 1993 128 2054 divus
142 1995 273 2054 Jeannes
284 1995 401 2055 Diaaius
408 1996 511 2055 Iberus
520 1995 626 2056 Christi
640 2014 706 2056 mox
720 2002 830 2069 martyr
838 1995 987 2069 Neuburgi
1002 1993 1041 2053 ad
1055 1991 1219 2052 Danubium

53 2095 138 2160 fautus
153 2115 200 2159 me
214 2100 303 2160 semel
326 2107 414 2175 atque
434 2105 538 2162 iterum
558 2101 673 2162 chartus
693 2103 851 2161 illinentem
871 2102 1020 2166 inveniens
1039 2116 1092 2172 pre
1108 2113 1160 2157 sue
1175 2095 1220 2174 (ut

54 2202 136 2281 need)
150 2221 233 2265 mere
247 2207 321 2266 seire
335 2208 454 2282 sapiens
469 2207 605 2282 quidnam
627 2209 662 2266 iis
677 2209 777 2267 naeniis
793 2223 930 2280 conarer,
953 2207 1008 2280 ipsi
1030 2221 1075 2264 me
1095 2205 1218 2263 interre-

53 2313 135 2385 ganti,
151 2313 303 2387 respondi,
324 2331 371 2373 me
383 2312 503 2386 singulis
519 2312 619 2371 diebus
635 2329 721 2373 unam
740 2315 786 2372 vel
806 2314 910 2374 ducere
923 2313 1028 2371 lineam
1043 2310 1130 2381 velle,
1150 2308 1220 2381 quid

53 2431 142 2476 rernm
156 2416 217 2476 illie
230 2421 368 2490 ageretur
383 2415 461 2491 quod
476 2434 539 2476 eum
563 2417 625 2477 viro
638 2417 690 2475 illo
704 2423 803 2476 sanate
824 2417 870 2493 (ut
883 2417 913 2475 ni
927 2415 1012 2476 failor
1027 2411 1219 2474 canddsstni

53 2525 110 2580 erat
123 2520 246 2595 ingenii)
262 2521 370 2579 homini
383 2522 487 2580 mirum
502 2522 532 2580 in
546 2520 662 2581 modum
677 2516 758 2581 eerdi
771 2519 835 2581 tuit.
868 2521 916 2581 Sic
929 2522 1028 2593 itaque
1042 2518 1080 2577 ab
1095 2533 1130 2577 ee
1145 2523 1217 2576 tam·

51 2640 116 2698 pere
130 2625 162 2685 id
177 2641 232 2700 per
254 2627 381 2699 singulos
401 2627 462 2686 dies
477 2626 546 2686 mihi
566 2632 596 2686 et
616 2629 640 2686 si
655 2643 714 2686 non
727 2626 835 2700 Musis,
858 2641 980 2699 quarum
1000 2624 1071 2682 mihi
1085 2621 1216 2697 proferte

52 2731 122 2793 nulla
132 2736 178 2792 est
188 2733 292 2807 gloria,
305 2733 357 2793 sed
366 2737 460 2793 tamen
471 2731 647 2793 refricatieni
655 2733 800 2792 memorias
809 2732 929 2791 tentam.
945 2730 1048 2802 Sisque
1063 2726 1157 2788 forulo
1167 2725 1219 2785 ubi

51 2835 161 2898 libuerit
171 2837 201 2898 d.
214 2844 236 2898 t.
248 2837 380 2896 libandas
395 2839 472 2910 ipsas
480 2855 558 2898 meas
573 2839 680 2898 nenias
695 2853 771 2897 anno
786 2837 884 2913 elapso
893 2835 1074 2911 Studgardiae
1090 2848 1218 2908 presens

51 2947 78 3002 nt
89 2944 169 3018 patri
185 2949 216 3002 et
229 2945 320 3003 amieo
335 2941 452 3003 tradidi.
490 2943 530 3002 Et
552 2959 628 3002 nune
641 2949 734 3002 macte
749 2942 873 3003 candore
888 2941 1076 3014 decursaque
1090 2939 1218 2998 ioannes

50 3048 112 3108 mihi
131 3050 164 3108 im
181 3054 310 3108 mentem
331 3049 425 3123 venit,
446 3049 581 3122 premissi
601 3048 636 3108 de
657 3046 828 3121 Argustana
849 3063 914 3106 mea
928 3043 1121 3120 proiectione,
1145 3057 1217 3116 quas

49 3152 243 3214 miscellaneae
259 3147 272 3186 ²
288 3169 346 3212 non
362 3154 448 3212 etiam
462 3153 647 3226 morionibus,
664 3155 750 3212 etiam
765 3170 817 3212 sua
832 3157 899 3211 sunt
913 3150 1028 3211 nemina
1042 3147 1133 3206 eidem
1149 3145 1177 3206 d.
1193 3149 1215 3204 t.

49 3256 213 3318 charissimo
234 3258 309 3330 patri
329 3263 359 3317 et
373 3259 464 3317 amieo
487 3275 541 3332 pro
560 3257 627 3318 fidei
647 3264 705 3317 tuae
728 3257 899 3318 dexteritate
918 3254 1083 3316 transmitte
1107 3251 1217 3309 utinam

23 3412 28 3421 .
49 3371 140 3423 antem
155 3370 319 3437 superesset
338 3368 408 3424 setes
428 3364 566 3423 memoria
585 3370 615 3423 et
629 3364 722 3421 onium
742 3362 872 3422 terdenis
886 3361 954 3420 mihi
969 3359 1137 3431 contingere
1151 3371 1217 3430 pes·

50 3473 98 3542 set,
114 3475 149 3528 nt
163 3466 200 3526 de
214 3467 292 3525 omni
307 3467 365 3526 rita
380 3468 549 3543 operatione
564 3473 686 3541 unaque
701 3465 817 3526 fortuna
832 3467 860 3526 d.
876 3472 898 3524 t.
915 3465 1041 3539 ejusdem
1056 3461 1218 3536 argumenti

50 3573 190 3633 solumina
207 3579 260 3633 tua
279 3588 367 3632 manu
380 3572 524 3646 descripta
548 3573 613 3649 (sed
628 3572 683 3632 dee
703 3573 804 3647 gratiae
823 3570 929 3630 benum
944 3574 974 3629 et
992 3574 1091 3628 netum
1113 3580 1217 3625 nemen

49 3679 125 3736 tuum
140 3684 186 3737 est
200 3692 298 3736 reram
312 3674 456 3751 ecelesia)
468 3676 659 3753 obtingerent,
671 3678 787 3737 viderer
796 3677 865 3734 mihi
877 3676 941 3750 plus
956 3672 1085 3733 thesauri
1099 3670 1129 3728 in
1143 3669 1216 3726 mul·

50 3787 141 3842 terum
154 3784 243 3843 etiam
257 3780 371 3855 piorum
390 3781 512 3843 maxime
536 3782 760 3844 adolescentium
775 3785 1024 3855 subsequuturam,
1047 3791 1134 3849 quam
1147 3773 1217 3834 elim

622 3915 638 3950 u

120 4021 132 4067 1
153 4015 186 4068 de
203 4021 294 4068 neema
312 4014 449 4067 amicitia?
476 4014 539 4067 eder
564 4021 644 4066 etwas
671 4016 717 4066 der
734 4021 781 4066 art
840 4019 855 4065 2
883 4015 918 4066 Se
936 4011 982 4063 het
1000 4006 1109 4060 Welrad
1127 4007 1216 4076 sigen·

54 4097 148 4172 bindig
165 4105 311 4172 estrigiert
347 4105 386 4156 Es
403 4119 472 4155 war:
495 4101 702 4168 ,macerarem
