<?xml version="1.0" encoding="UTF-8"?>
<!DOCTYPE html PUBLIC "-//W3C//DTD XHTML 1.0 Transitional//EN"
    "http://www.w3.org/TR/xhtml1/DTD/xhtml1-transitional.dtd">
<html xmlns="http://www.w3.org/1999/xhtml" xml:lang="en" lang="en">
 <head>
  <title>
</title>
<meta http-equiv="Content-Type" content="text/html;charset=utf-8" />
  <meta name='ocr-system' content='tesseract 3.04.00' />
  <meta name='ocr-capabilities' content='ocr_page ocr_carea ocr_par ocr_line ocrx_word'/>
</head>
<body>
  <div class='ocr_page' id='page_1' title='image "./desgrafenwolrad00trosgoog_0168.png"; bbox 0 0 2678 4546; ppageno 0'>
   <div class='ocr_carea' id='block_1_1' title="bbox 580 48 643 121">
    <p class='ocr_par' dir='ltr' id='par_1_1' title="bbox 580 48 643 121">
     <span class='ocr_line' id='line_1_1' title="bbox 580 48 643 121; baseline 0.032 -2"><span class='ocrx_word' id='word_1_1' title='bbox 580 48 643 121; x_wconf 74' lang='grc'><strong>157</strong></span> 
     </span>
    </p>
   </div>
   <div class='ocr_carea' id='block_1_2' title="bbox 15 234 1194 621">
    <p class='ocr_par' dir='ltr' id='par_1_2' title="bbox 15 234 1194 621">
     <span class='ocr_line' id='line_1_2' title="bbox 15 234 1190 309; baseline 0.007 -16"><span class='ocrx_word' id='word_1_2' title='bbox 15 236 92 293; x_wconf 71' lang='lat' dir='ltr'><strong>Nam</strong></span> <span class='ocrx_word' id='word_1_3' title='bbox 114 237 177 292; x_wconf 77' lang='lat' dir='ltr'><strong>sire</strong></span> <span class='ocrx_word' id='word_1_4' title='bbox 197 236 331 309; x_wconf 70' lang='lat' dir='ltr'><strong>cirinus,</strong></span> <span class='ocrx_word' id='word_1_5' title='bbox 353 234 468 293; x_wconf 79' lang='lat' dir='ltr'><strong>domino</strong></span> <span class='ocrx_word' id='word_1_6' title='bbox 488 237 625 307; x_wconf 70' lang='lat' dir='ltr'><strong>risimus,</strong></span> <span class='ocrx_word' id='word_1_7' title='bbox 647 237 709 295; x_wconf 81' lang='lat' dir='ltr'><strong>sire</strong></span> <span class='ocrx_word' id='word_1_8' title='bbox 729 238 881 299; x_wconf 70' lang='lat' dir='ltr'><strong>minmur.</strong></span> <span class='ocrx_word' id='word_1_9' title='bbox 903 237 1019 299; x_wconf 79' lang='lat' dir='ltr'><strong>domno</strong></span> <span class='ocrx_word' id='word_1_10' title='bbox 1042 242 1190 301; x_wconf 62' lang='lat' dir='ltr'><strong>memor.</strong></span> 
     </span>
     <span class='ocr_line' id='line_1_3' title="bbox 17 340 1194 413; baseline 0.004 -15"><span class='ocrx_word' id='word_1_11' title='bbox 17 342 83 399; x_wconf 77' lang='lat' dir='ltr'><strong>Sire</strong></span> <span class='ocrx_word' id='word_1_12' title='bbox 97 341 188 413; x_wconf 74' lang='lat' dir='ltr'><strong>igitur</strong></span> <span class='ocrx_word' id='word_1_13' title='bbox 201 340 338 411; x_wconf 64' lang='lat' dir='ltr'><strong>rim</strong></span> <span class='ocrx_word' id='word_1_14' title='bbox 359 342 421 397; x_wconf 77' lang='lat' dir='ltr'><strong>site</strong></span> <span class='ocrx_word' id='word_1_15' title='bbox 434 342 600 401; x_wconf 63' lang='lat' dir='ltr'><strong>metiamur.</strong></span> <span class='ocrx_word' id='word_1_16' title='bbox 623 340 731 398; x_wconf 90' lang='lat' dir='ltr'><strong>domini</strong></span> <span class='ocrx_word' id='word_1_17' title='bbox 749 359 856 401; x_wconf 68' lang='lat' dir='ltr'><strong>sumus</strong></span> <span class='ocrx_word' id='word_1_18' title='bbox 891 344 925 402; x_wconf 93' lang='lat' dir='ltr'><strong>ln</strong></span> <span class='ocrx_word' id='word_1_19' title='bbox 944 345 1000 402; x_wconf 69' lang='lat' dir='ltr'><strong>lissi·</strong></span> <span class='ocrx_word' id='word_1_20' title='bbox 1018 346 1095 402; x_wconf 86' lang='lat' dir='ltr'><strong>enim</strong></span> <span class='ocrx_word' id='word_1_21' title='bbox 1110 346 1194 404; x_wconf 78' lang='lat' dir='ltr'><strong>eun-</strong></span> 
     </span>
     <span class='ocr_line' id='line_1_4' title="bbox 17 447 1194 507; baseline 0.004 -5"><span class='ocrx_word' id='word_1_22' title='bbox 17 454 78 502; x_wconf 82' lang='lat' dir='ltr'><strong>stus</strong></span> <span class='ocrx_word' id='word_1_23' title='bbox 96 454 127 502; x_wconf 83' lang='lat' dir='ltr'><strong>et</strong></span> <span class='ocrx_word' id='word_1_24' title='bbox 146 454 279 502; x_wconf 78' lang='lat' dir='ltr'><strong>mortuus</strong></span> <span class='ocrx_word' id='word_1_25' title='bbox 298 456 344 502; x_wconf 80' lang='lat' dir='ltr'><strong>est</strong></span> <span class='ocrx_word' id='word_1_26' title='bbox 363 456 393 502; x_wconf 87' lang='lat' dir='ltr'><strong>et</strong></span> <span class='ocrx_word' id='word_1_27' title='bbox 413 447 571 503; x_wconf 62' lang='lat' dir='ltr'><strong>reurrexit</strong></span> <span class='ocrx_word' id='word_1_28' title='bbox 592 458 621 503; x_wconf 86' lang='lat' dir='ltr'><strong>et</strong></span> <span class='ocrx_word' id='word_1_29' title='bbox 643 447 761 507; x_wconf 72' lang='lat' dir='ltr'><strong>noxit.</strong></span> <span class='ocrx_word' id='word_1_30' title='bbox 784 456 817 506; x_wconf 87' lang='lat' dir='ltr'><strong>ut</strong></span> <span class='ocrx_word' id='word_1_31' title='bbox 836 450 958 507; x_wconf 70' lang='lat' dir='ltr'><strong>menan</strong></span> <span class='ocrx_word' id='word_1_32' title='bbox 976 464 1011 506; x_wconf 83' lang='lat' dir='ltr'><strong>ae</strong></span> <span class='ocrx_word' id='word_1_33' title='bbox 1029 450 1194 507; x_wconf 67' lang='lat' dir='ltr'><strong>urentibus</strong></span> 
     </span>
     <span class='ocr_line' id='line_1_5' title="bbox 16 541 1190 621; baseline 0.005 -18"><span class='ocrx_word' id='word_1_34' title='bbox 16 547 199 606; x_wconf 76' lang='lat' dir='ltr'><strong>dominetur«</strong></span> <span class='ocrx_word' id='word_1_35' title='bbox 215 556 272 605; x_wconf 83' lang='lat' dir='ltr'><strong>ete.</strong></span> <span class='ocrx_word' id='word_1_36' title='bbox 289 547 417 620; x_wconf 85' lang='lat' dir='ltr'><strong>Repetiit</strong></span> <span class='ocrx_word' id='word_1_37' title='bbox 430 541 532 620; x_wconf 81' lang='lat' dir='ltr'><strong>primo</strong></span> <span class='ocrx_word' id='word_1_38' title='bbox 549 565 614 621; x_wconf 77' lang='lat' dir='ltr'><strong>que</strong></span> <span class='ocrx_word' id='word_1_39' title='bbox 628 550 764 609; x_wconf 71' lang='lat' dir='ltr'><strong>hesterno</strong></span> <span class='ocrx_word' id='word_1_40' title='bbox 778 551 826 609; x_wconf 84' lang='lat' dir='ltr'><strong>die</strong></span> <span class='ocrx_word' id='word_1_41' title='bbox 839 550 987 609; x_wconf 57' lang='lat' dir='ltr'><strong>diruerat.</strong></span> <span class='ocrx_word' id='word_1_42' title='bbox 1008 552 1120 609; x_wconf 83' lang='lat' dir='ltr'><strong>Deinde</strong></span> <span class='ocrx_word' id='word_1_43' title='bbox 1134 554 1190 611; x_wconf 81' lang='lat' dir='ltr'><strong>ait:</strong></span> 
     </span>
    </p>
   </div>
   <div class='ocr_carea' id='block_1_3' title="bbox 16 651 1192 4074">
    <p class='ocr_par' dir='ltr' id='par_1_3' title="bbox 16 651 1192 2710">
     <span class='ocr_line' id='line_1_6' title="bbox 17 651 1190 726; baseline 0.002 -14"><span class='ocrx_word' id='word_1_44' title='bbox 17 653 135 712; x_wconf 70' lang='lat' dir='ltr'><strong>sunam</strong></span> <span class='ocrx_word' id='word_1_45' title='bbox 157 653 248 724; x_wconf 81' lang='lat' dir='ltr'><strong>probe</strong></span> <span class='ocrx_word' id='word_1_46' title='bbox 268 651 331 708; x_wconf 74' lang='lat' dir='ltr'><strong>hee</strong></span> <span class='ocrx_word' id='word_1_47' title='bbox 350 653 475 724; x_wconf 77' lang='lat' dir='ltr'><strong>apostoli</strong></span> <span class='ocrx_word' id='word_1_48' title='bbox 492 654 581 710; x_wconf 82' lang='lat' dir='ltr'><strong>rerhu</strong></span> <span class='ocrx_word' id='word_1_49' title='bbox 601 654 844 726; x_wconf 66' lang='lat' dir='ltr'><strong>perpendemus</strong></span> <span class='ocrx_word' id='word_1_50' title='bbox 865 664 893 713; x_wconf 86' lang='lat' dir='ltr'><strong>et</strong></span> <span class='ocrx_word' id='word_1_51' title='bbox 913 672 1013 713; x_wconf 82' lang='lat' dir='ltr'><strong>rerum</strong></span> <span class='ocrx_word' id='word_1_52' title='bbox 1026 672 1061 713; x_wconf 84' lang='lat' dir='ltr'><strong>ae</strong></span> <span class='ocrx_word' id='word_1_53' title='bbox 1075 658 1190 714; x_wconf 65' lang='lat' dir='ltr'><strong>anuum</strong></span> 
     </span>
     <span class='ocr_line' id='line_1_7' title="bbox 16 754 1191 831; baseline 0.005 -18"><span class='ocrx_word' id='word_1_54' title='bbox 16 757 162 814; x_wconf 79' lang='lat' dir='ltr'><strong>dominum</strong></span> <span class='ocrx_word' id='word_1_55' title='bbox 181 764 313 814; x_wconf 83' lang='lat' dir='ltr'><strong>nostrum</strong></span> <span class='ocrx_word' id='word_1_56' title='bbox 333 756 433 814; x_wconf 77' lang='lat' dir='ltr'><strong>Jesum</strong></span> <span class='ocrx_word' id='word_1_57' title='bbox 454 754 599 814; x_wconf 66' lang='lat' dir='ltr'><strong>(armum</strong></span> <span class='ocrx_word' id='word_1_58' title='bbox 620 774 855 830; x_wconf 60' lang='lat' dir='ltr'><strong>agninum-emus.</strong></span> <span class='ocrx_word' id='word_1_59' title='bbox 882 760 1088 831; x_wconf 64' lang='lat' dir='ltr'><strong>murgitautes.</strong></span> <span class='ocrx_word' id='word_1_60' title='bbox 1111 759 1191 831; x_wconf 74' lang='lat' dir='ltr'><strong>quiid</strong></span> 
     </span>
     <span class='ocr_line' id='line_1_8' title="bbox 16 860 1192 934; baseline 0.004 -16"><span class='ocrx_word' id='word_1_61' title='bbox 16 863 50 933; x_wconf 80' lang='lat' dir='ltr'><strong>is,</strong></span> <span class='ocrx_word' id='word_1_62' title='bbox 72 862 121 918; x_wconf 83' lang='lat' dir='ltr'><strong>cni</strong></span> <span class='ocrx_word' id='word_1_63' title='bbox 138 860 331 919; x_wconf 71' lang='lat' dir='ltr'><strong>obedientiam</strong></span> <span class='ocrx_word' id='word_1_64' title='bbox 348 870 489 934; x_wconf 69' lang='lat' dir='ltr'><strong>prestare</strong></span> <span class='ocrx_word' id='word_1_65' title='bbox 502 874 645 934; x_wconf 80' lang='lat' dir='ltr'><strong>tenemur,</strong></span> <span class='ocrx_word' id='word_1_66' title='bbox 660 872 690 920; x_wconf 88' lang='lat' dir='ltr'><strong>et</strong></span> <span class='ocrx_word' id='word_1_67' title='bbox 710 879 768 921; x_wconf 91' lang='lat' dir='ltr'><strong>nou</strong></span> <span class='ocrx_word' id='word_1_68' title='bbox 789 866 829 921; x_wconf 81' lang='lat' dir='ltr'><strong>ita</strong></span> <span class='ocrx_word' id='word_1_69' title='bbox 844 865 965 921; x_wconf 68' lang='lat' dir='ltr'><strong>invitem</strong></span> <span class='ocrx_word' id='word_1_70' title='bbox 985 880 1037 921; x_wconf 68' lang='lat' dir='ltr'><strong>utu</strong></span> <span class='ocrx_word' id='word_1_71' title='bbox 1052 862 1089 921; x_wconf 82' lang='lat' dir='ltr'><strong>de</strong></span> <span class='ocrx_word' id='word_1_72' title='bbox 1104 864 1192 923; x_wconf 75' lang='lat' dir='ltr'><strong>noua</strong></span> 
     </span>
     <span class='ocr_line' id='line_1_9' title="bbox 16 965 1192 1041; baseline 0.001 -19"><span class='ocrx_word' id='word_1_73' title='bbox 16 966 127 1023; x_wconf 83' lang='lat' dir='ltr'><strong>lrirolis</strong></span> <span class='ocrx_word' id='word_1_74' title='bbox 136 965 341 1039; x_wconf 76' lang='lat' dir='ltr'><strong>jiueirenns.</strong></span> <span class='ocrx_word' id='word_1_75' title='bbox 371 965 592 1037; x_wconf 67' lang='lat' dir='ltr'><strong>Perpuueissimi</strong></span> <span class='ocrx_word' id='word_1_76' title='bbox 607 983 644 1024; x_wconf 86' lang='lat' dir='ltr'><strong>ex</strong></span> <span class='ocrx_word' id='word_1_77' title='bbox 663 968 747 1025; x_wconf 85' lang='lat' dir='ltr'><strong>nobis</strong></span> <span class='ocrx_word' id='word_1_78' title='bbox 760 980 837 1039; x_wconf 59' lang='lat' dir='ltr'><strong>aaut.</strong></span> <span class='ocrx_word' id='word_1_79' title='bbox 853 969 902 1039; x_wconf 77' lang='lat' dir='ltr'><strong>qui</strong></span> <span class='ocrx_word' id='word_1_80' title='bbox 918 982 1032 1025; x_wconf 67' lang='lat' dir='ltr'><strong>rausum</strong></span> <span class='ocrx_word' id='word_1_81' title='bbox 1048 968 1192 1041; x_wconf 53' lang='lat' dir='ltr'><strong>molonis</strong></span> 
     </span>
     <span class='ocr_line' id='line_1_10' title="bbox 17 1069 1191 1145; baseline 0 -17"><span class='ocrx_word' id='word_1_82' title='bbox 17 1080 44 1128; x_wconf 83' lang='lat' dir='ltr'><strong>et</strong></span> <span class='ocrx_word' id='word_1_83' title='bbox 57 1071 278 1128; x_wconf 83' lang='lat' dir='ltr'><strong>resurrectionis</strong></span> <span class='ocrx_word' id='word_1_84' title='bbox 293 1069 408 1142; x_wconf 55' lang='lat' dir='ltr'><strong>tunm</strong></span> <span class='ocrx_word' id='word_1_85' title='bbox 431 1087 516 1141; x_wconf 83' lang='lat' dir='ltr'><strong>quam</strong></span> <span class='ocrx_word' id='word_1_86' title='bbox 536 1070 583 1126; x_wconf 82' lang='lat' dir='ltr'><strong>hio</strong></span> <span class='ocrx_word' id='word_1_87' title='bbox 598 1071 705 1129; x_wconf 84' lang='lat' dir='ltr'><strong>Paulus</strong></span> <span class='ocrx_word' id='word_1_88' title='bbox 724 1073 816 1145; x_wconf 75' lang='lat' dir='ltr'><strong>ponit,</strong></span> <span class='ocrx_word' id='word_1_89' title='bbox 838 1072 1033 1139; x_wconf 70' lang='lat' dir='ltr'><strong>considerant,</strong></span> <span class='ocrx_word' id='word_1_90' title='bbox 1056 1072 1191 1128; x_wconf 69' lang='lat' dir='ltr'><strong>niernum</strong></span> 
     </span>
     <span class='ocr_line' id='line_1_11' title="bbox 17 1173 1190 1247; baseline 0.003 -17"><span class='ocrx_word' id='word_1_91' title='bbox 17 1175 94 1245; x_wconf 86' lang='lat' dir='ltr'><strong>quod</strong></span> <span class='ocrx_word' id='word_1_92' title='bbox 112 1173 245 1231; x_wconf 64' lang='lat' dir='ltr'><strong>sumtus</strong></span> <span class='ocrx_word' id='word_1_93' title='bbox 263 1175 295 1231; x_wconf 92' lang='lat' dir='ltr'><strong>iu</strong></span> <span class='ocrx_word' id='word_1_94' title='bbox 313 1173 388 1231; x_wconf 77' lang='lat' dir='ltr'><strong>lunc</strong></span> <span class='ocrx_word' id='word_1_95' title='bbox 407 1175 544 1233; x_wconf 88' lang='lat' dir='ltr'><strong>mundum</strong></span> <span class='ocrx_word' id='word_1_96' title='bbox 564 1179 653 1247; x_wconf 68' lang='lat' dir='ltr'><strong>teuit,</strong></span> <span class='ocrx_word' id='word_1_97' title='bbox 675 1176 754 1247; x_wconf 83' lang='lat' dir='ltr'><strong>qnod</strong></span> <span class='ocrx_word' id='word_1_98' title='bbox 774 1193 827 1234; x_wconf 70' lang='lat' dir='ltr'><strong>uus</strong></span> <span class='ocrx_word' id='word_1_99' title='bbox 846 1176 989 1233; x_wconf 78' lang='lat' dir='ltr'><strong>redimens</strong></span> <span class='ocrx_word' id='word_1_100' title='bbox 1010 1177 1139 1235; x_wconf 73' lang='lat' dir='ltr'><strong>sii-omn</strong></span> <span class='ocrx_word' id='word_1_101' title='bbox 1158 1181 1190 1234; x_wconf 84' lang='lat' dir='ltr'><strong>et</strong></span> 
     </span>
     <span class='ocr_line' id='line_1_12' title="bbox 16 1277 1190 1354; baseline 0.003 -19"><span class='ocrx_word' id='word_1_102' title='bbox 16 1286 194 1336; x_wconf 74' lang='lat' dir='ltr'><strong>monnorum</strong></span> <span class='ocrx_word' id='word_1_103' title='bbox 214 1280 421 1337; x_wconf 72' lang='lat' dir='ltr'><strong>dominaretur.</strong></span> <span class='ocrx_word' id='word_1_104' title='bbox 457 1280 553 1337; x_wconf 83' lang='lat' dir='ltr'><strong>Taeeo</strong></span> <span class='ocrx_word' id='word_1_105' title='bbox 575 1282 704 1354; x_wconf 72' lang='lat' dir='ltr'><strong>inquam,</strong></span> <span class='ocrx_word' id='word_1_106' title='bbox 728 1281 799 1353; x_wconf 81' lang='lat' dir='ltr'><strong>quid</strong></span> <span class='ocrx_word' id='word_1_107' title='bbox 821 1281 903 1338; x_wconf 69' lang='lat' dir='ltr'><strong>uoltis</strong></span> <span class='ocrx_word' id='word_1_108' title='bbox 924 1297 983 1338; x_wconf 89' lang='lat' dir='ltr'><strong>nou</strong></span> <span class='ocrx_word' id='word_1_109' title='bbox 1004 1281 1040 1339; x_wconf 84' lang='lat' dir='ltr'><strong>de</strong></span> <span class='ocrx_word' id='word_1_110' title='bbox 1062 1277 1190 1339; x_wconf 82' lang='lat' dir='ltr'><strong>seeundo</strong></span> 
     </span>
     <span class='ocr_line' id='line_1_13' title="bbox 17 1369 1187 1455; baseline 0.002 -16"><span class='ocrx_word' id='word_1_111' title='bbox 17 1381 81 1440; x_wconf 84' lang='lat' dir='ltr'><strong>fidei</strong></span> <span class='ocrx_word' id='word_1_112' title='bbox 95 1369 219 1441; x_wconf 68' lang='lat' dir='ltr'><strong>amiculo</strong></span> <span class='ocrx_word' id='word_1_113' title='bbox 234 1383 377 1442; x_wconf 73' lang='lat' dir='ltr'><strong>obteniat</strong></span> <span class='ocrx_word' id='word_1_114' title='bbox 406 1382 446 1440; x_wconf 83' lang='lat' dir='ltr'><strong>El</strong></span> <span class='ocrx_word' id='word_1_115' title='bbox 465 1383 609 1441; x_wconf 77' lang='lat' dir='ltr'><strong>inlesum</strong></span> <span class='ocrx_word' id='word_1_116' title='bbox 624 1384 769 1442; x_wconf 70' lang='lat' dir='ltr'><strong>t&#39;ltristum</strong></span> <span class='ocrx_word' id='word_1_117' title='bbox 784 1383 873 1442; x_wconf 81' lang='lat' dir='ltr'><strong>lilium</strong></span> <span class='ocrx_word' id='word_1_118' title='bbox 887 1386 1033 1443; x_wconf 85' lang='lat' dir='ltr'><strong>dominum</strong></span> <span class='ocrx_word' id='word_1_119' title='bbox 1047 1394 1187 1455; x_wconf 79' lang='lat' dir='ltr'><strong>nostrum,</strong></span> 
     </span>
     <span class='ocr_line' id='line_1_14' title="bbox 18 1485 1188 1561; baseline 0 -16"><span class='ocrx_word' id='word_1_120' title='bbox 18 1488 63 1558; x_wconf 79' lang='lat' dir='ltr'><strong>qul</strong></span> <span class='ocrx_word' id='word_1_121' title='bbox 77 1503 135 1545; x_wconf 84' lang='lat' dir='ltr'><strong>uos</strong></span> <span class='ocrx_word' id='word_1_122' title='bbox 148 1494 209 1544; x_wconf 88' lang='lat' dir='ltr'><strong>tam</strong></span> <span class='ocrx_word' id='word_1_123' title='bbox 222 1490 490 1561; x_wconf 69' lang='lat' dir='ltr'><strong>mreeompararit,</strong></span> <span class='ocrx_word' id='word_1_124' title='bbox 513 1505 571 1546; x_wconf 93' lang='lat' dir='ltr'><strong>non</strong></span> <span class='ocrx_word' id='word_1_125' title='bbox 585 1491 724 1561; x_wconf 76' lang='lat' dir='ltr'><strong>sungmne</strong></span> <span class='ocrx_word' id='word_1_126' title='bbox 743 1489 898 1547; x_wconf 77' lang='lat' dir='ltr'><strong>ritulorruu</strong></span> <span class='ocrx_word' id='word_1_127' title='bbox 917 1501 945 1546; x_wconf 83' lang='lat' dir='ltr'><strong>et</strong></span> <span class='ocrx_word' id='word_1_128' title='bbox 960 1489 1113 1559; x_wconf 72' lang='lat' dir='ltr'><strong>hinorum,</strong></span> <span class='ocrx_word' id='word_1_129' title='bbox 1135 1485 1188 1545; x_wconf 83' lang='lat' dir='ltr'><strong>sed</strong></span> 
     </span>
     <span class='ocr_line' id='line_1_15' title="bbox 17 1590 1186 1666; baseline 0.003 -19"><span class='ocrx_word' id='word_1_130' title='bbox 17 1606 66 1648; x_wconf 83' lang='lat' dir='ltr'><strong>suo</strong></span> <span class='ocrx_word' id='word_1_131' title='bbox 79 1591 173 1664; x_wconf 83' lang='lat' dir='ltr'><strong>ipsius</strong></span> <span class='ocrx_word' id='word_1_132' title='bbox 186 1595 317 1663; x_wconf 79' lang='lat' dir='ltr'><strong>precioso</strong></span> <span class='ocrx_word' id='word_1_133' title='bbox 332 1594 481 1666; x_wconf 78' lang='lat' dir='ltr'><strong>sanguine,</strong></span> <span class='ocrx_word' id='word_1_134' title='bbox 496 1600 528 1649; x_wconf 84' lang='lat' dir='ltr'><strong>ut</strong></span> <span class='ocrx_word' id='word_1_135' title='bbox 542 1609 579 1651; x_wconf 81' lang='lat' dir='ltr'><strong>ex</strong></span> <span class='ocrx_word' id='word_1_136' title='bbox 593 1593 684 1652; x_wconf 86' lang='lat' dir='ltr'><strong>Paulo</strong></span> <span class='ocrx_word' id='word_1_137' title='bbox 699 1593 738 1652; x_wconf 87' lang='lat' dir='ltr'><strong>ad</strong></span> <span class='ocrx_word' id='word_1_138' title='bbox 747 1593 911 1651; x_wconf 74' lang='lat' dir='ltr'><strong>Codruhios</strong></span> <span class='ocrx_word' id='word_1_139' title='bbox 926 1602 956 1650; x_wconf 86' lang='lat' dir='ltr'><strong>et</strong></span> <span class='ocrx_word' id='word_1_140' title='bbox 970 1609 1006 1649; x_wconf 81' lang='lat' dir='ltr'><strong>ex</strong></span> <span class='ocrx_word' id='word_1_141' title='bbox 1020 1592 1141 1665; x_wconf 71' lang='lat' dir='ltr'><strong>epistello</strong></span> <span class='ocrx_word' id='word_1_142' title='bbox 1156 1590 1186 1650; x_wconf 88' lang='lat' dir='ltr'><strong>d.</strong></span> 
     </span>
     <span class='ocr_line' id='line_1_16' title="bbox 17 1694 1188 1769; baseline 0.003 -18"><span class='ocrx_word' id='word_1_143' title='bbox 17 1694 95 1752; x_wconf 86' lang='lat' dir='ltr'><strong>Petri</strong></span> <span class='ocrx_word' id='word_1_144' title='bbox 107 1697 204 1769; x_wconf 89' lang='lat' dir='ltr'><strong>prima</strong></span> <span class='ocrx_word' id='word_1_145' title='bbox 217 1695 318 1769; x_wconf 69' lang='lat' dir='ltr'><strong>liquet.</strong></span> <span class='ocrx_word' id='word_1_146' title='bbox 348 1696 396 1754; x_wconf 86' lang='lat' dir='ltr'><strong>Sic</strong></span> <span class='ocrx_word' id='word_1_147' title='bbox 410 1712 526 1768; x_wconf 82' lang='lat' dir='ltr'><strong>quoque</strong></span> <span class='ocrx_word' id='word_1_148' title='bbox 546 1696 684 1769; x_wconf 84' lang='lat' dir='ltr'><strong>baptizati</strong></span> <span class='ocrx_word' id='word_1_149' title='bbox 699 1714 796 1754; x_wconf 74' lang='lat' dir='ltr'><strong>smnus</strong></span> <span class='ocrx_word' id='word_1_150' title='bbox 811 1699 841 1754; x_wconf 90' lang='lat' dir='ltr'><strong>in</strong></span> <span class='ocrx_word' id='word_1_151' title='bbox 856 1697 970 1755; x_wconf 82' lang='lat' dir='ltr'><strong>nomme</strong></span> <span class='ocrx_word' id='word_1_152' title='bbox 984 1698 1075 1769; x_wconf 81' lang='lat' dir='ltr'><strong>putris</strong></span> <span class='ocrx_word' id='word_1_153' title='bbox 1090 1704 1121 1755; x_wconf 88' lang='lat' dir='ltr'><strong>et</strong></span> <span class='ocrx_word' id='word_1_154' title='bbox 1134 1694 1188 1755; x_wconf 88' lang='lat' dir='ltr'><strong>lilii</strong></span> 
     </span>
     <span class='ocr_line' id='line_1_17' title="bbox 19 1800 1187 1873; baseline 0 -16"><span class='ocrx_word' id='word_1_155' title='bbox 19 1806 46 1857; x_wconf 82' lang='lat' dir='ltr'><strong>et</strong></span> <span class='ocrx_word' id='word_1_156' title='bbox 58 1800 178 1872; x_wconf 84' lang='lat' dir='ltr'><strong>spiritus</strong></span> <span class='ocrx_word' id='word_1_157' title='bbox 192 1817 216 1858; x_wconf 86' lang='lat' dir='ltr'><strong>s.</strong></span> <span class='ocrx_word' id='word_1_158' title='bbox 238 1801 295 1858; x_wconf 86' lang='lat' dir='ltr'><strong>llic</strong></span> <span class='ocrx_word' id='word_1_159' title='bbox 308 1800 535 1859; x_wconf 80' lang='lat' dir='ltr'><strong>dominuslesus</strong></span> <span class='ocrx_word' id='word_1_160' title='bbox 550 1802 634 1859; x_wconf 86' lang='lat' dir='ltr'><strong>dutus</strong></span> <span class='ocrx_word' id='word_1_161' title='bbox 649 1807 694 1858; x_wconf 82' lang='lat' dir='ltr'><strong>est-</strong></span> <span class='ocrx_word' id='word_1_162' title='bbox 708 1801 790 1858; x_wconf 83' lang='lat' dir='ltr'><strong>nobis</strong></span> <span class='ocrx_word' id='word_1_163' title='bbox 806 1818 859 1872; x_wconf 90' lang='lat' dir='ltr'><strong>pro</strong></span> <span class='ocrx_word' id='word_1_164' title='bbox 874 1802 1023 1871; x_wconf 76' lang='lat' dir='ltr'><strong>advocato,</strong></span> <span class='ocrx_word' id='word_1_165' title='bbox 1038 1800 1144 1858; x_wconf 86' lang='lat' dir='ltr'><strong>Jouuu.</strong></span> <span class='ocrx_word' id='word_1_166' title='bbox 1155 1802 1187 1873; x_wconf 76' lang='grc'><strong>2,</strong></span> 
     </span>
     <span class='ocr_line' id='line_1_18' title="bbox 19 1903 1189 1978; baseline 0.002 -18"><span class='ocrx_word' id='word_1_167' title='bbox 19 1909 46 1960; x_wconf 84' lang='lat' dir='ltr'><strong>et</strong></span> <span class='ocrx_word' id='word_1_168' title='bbox 57 1905 144 1961; x_wconf 89' lang='lat' dir='ltr'><strong>unico</strong></span> <span class='ocrx_word' id='word_1_169' title='bbox 156 1904 326 1963; x_wconf 76' lang='lat' dir='ltr'><strong>mediatore.</strong></span> <span class='ocrx_word' id='word_1_170' title='bbox 362 1905 448 1963; x_wconf 86' lang='lat' dir='ltr'><strong>Hunc</strong></span> <span class='ocrx_word' id='word_1_171' title='bbox 466 1907 505 1965; x_wconf 92' lang='lat' dir='ltr'><strong>ob</strong></span> <span class='ocrx_word' id='word_1_172' title='bbox 519 1908 711 1965; x_wconf 74' lang='lat' dir='ltr'><strong>reverentiam</strong></span> <span class='ocrx_word' id='word_1_173' title='bbox 730 1923 812 1964; x_wconf 88' lang='lat' dir='ltr'><strong>snam</strong></span> <span class='ocrx_word' id='word_1_174' title='bbox 826 1913 957 1964; x_wconf 85' lang='lat' dir='ltr'><strong>orantem</strong></span> <span class='ocrx_word' id='word_1_175' title='bbox 970 1920 1024 1978; x_wconf 91' lang='lat' dir='ltr'><strong>pro</strong></span> <span class='ocrx_word' id='word_1_176' title='bbox 1039 1903 1123 1963; x_wconf 85' lang='lat' dir='ltr'><strong>nobis</strong></span> <span class='ocrx_word' id='word_1_177' title='bbox 1136 1919 1189 1978; x_wconf 86' lang='lat' dir='ltr'><strong>pa·</strong></span> 
     </span>
     <span class='ocr_line' id='line_1_19' title="bbox 18 2008 1187 2091; baseline 0.002 -26"><span class='ocrx_word' id='word_1_178' title='bbox 18 2013 60 2065; x_wconf 86' lang='lat' dir='ltr'><strong>ter</strong></span> <span class='ocrx_word' id='word_1_179' title='bbox 73 2008 201 2091; x_wconf 68' lang='lat' dir='ltr'><strong>eraudiit</strong></span> <span class='ocrx_word' id='word_1_180' title='bbox 216 2014 247 2066; x_wconf 89' lang='lat' dir='ltr'><strong>et</strong></span> <span class='ocrx_word' id='word_1_181' title='bbox 260 2009 390 2080; x_wconf 81' lang='lat' dir='ltr'><strong>quotidie</strong></span> <span class='ocrx_word' id='word_1_182' title='bbox 405 2010 539 2082; x_wconf 82' lang='lat' dir='ltr'><strong>exaudit,</strong></span> <span class='ocrx_word' id='word_1_183' title='bbox 562 2027 614 2068; x_wconf 88' lang='lat' dir='ltr'><strong>nee</strong></span> <span class='ocrx_word' id='word_1_184' title='bbox 629 2020 695 2069; x_wconf 88' lang='lat' dir='ltr'><strong>sunt</strong></span> <span class='ocrx_word' id='word_1_185' title='bbox 711 2016 818 2084; x_wconf 75' lang='lat' dir='ltr'><strong>preter</strong></span> <span class='ocrx_word' id='word_1_186' title='bbox 831 2009 908 2069; x_wconf 84' lang='lat' dir='ltr'><strong>hunc</strong></span> <span class='ocrx_word' id='word_1_187' title='bbox 922 2011 972 2069; x_wconf 90' lang='lat' dir='ltr'><strong>alii</strong></span> <span class='ocrx_word' id='word_1_188' title='bbox 987 2009 1033 2068; x_wconf 82' lang='lat' dir='ltr'><strong>rel</strong></span> <span class='ocrx_word' id='word_1_189' title='bbox 1047 2009 1187 2068; x_wconf 85' lang='lat' dir='ltr'><strong>mediato·</strong></span> 
     </span>
     <span class='ocr_line' id='line_1_20' title="bbox 19 2113 1188 2189; baseline 0.001 -19"><span class='ocrx_word' id='word_1_190' title='bbox 19 2129 63 2170; x_wconf 86' lang='lat' dir='ltr'><strong>res</strong></span> <span class='ocrx_word' id='word_1_191' title='bbox 76 2114 123 2171; x_wconf 85' lang='lat' dir='ltr'><strong>rel</strong></span> <span class='ocrx_word' id='word_1_192' title='bbox 134 2113 333 2188; x_wconf 77' lang='lat' dir='ltr'><strong>opitulatores.</strong></span> <span class='ocrx_word' id='word_1_193' title='bbox 354 2115 453 2187; x_wconf 85' lang='lat' dir='ltr'><strong>Ipsum</strong></span> <span class='ocrx_word' id='word_1_194' title='bbox 467 2116 556 2188; x_wconf 84' lang='lat' dir='ltr'><strong>igitur</strong></span> <span class='ocrx_word' id='word_1_195' title='bbox 564 2117 631 2188; x_wconf 89' lang='lat' dir='ltr'><strong>jure</strong></span> <span class='ocrx_word' id='word_1_196' title='bbox 641 2117 748 2187; x_wconf 87' lang='lat' dir='ltr'><strong>optimo</strong></span> <span class='ocrx_word' id='word_1_197' title='bbox 764 2121 893 2173; x_wconf 80' lang='lat' dir='ltr'><strong>nostrum</strong></span> <span class='ocrx_word' id='word_1_198' title='bbox 907 2130 972 2173; x_wconf 77' lang='lat' dir='ltr'><strong>esse</strong></span> <span class='ocrx_word' id='word_1_199' title='bbox 986 2129 1188 2189; x_wconf 73' lang='lat' dir='ltr'><strong>agnoscamus,</strong></span> 
     </span>
     <span class='ocr_line' id='line_1_21' title="bbox 19 2215 1189 2293; baseline 0.003 -20"><span class='ocrx_word' id='word_1_200' title='bbox 19 2215 81 2275; x_wconf 87' lang='lat' dir='ltr'><strong>luic</strong></span> <span class='ocrx_word' id='word_1_201' title='bbox 93 2219 269 2291; x_wconf 71' lang='lat' dir='ltr'><strong>cernamus,</strong></span> <span class='ocrx_word' id='word_1_202' title='bbox 290 2234 349 2277; x_wconf 92' lang='lat' dir='ltr'><strong>nou</strong></span> <span class='ocrx_word' id='word_1_203' title='bbox 369 2219 484 2278; x_wconf 81' lang='lat' dir='ltr'><strong>solliciti</strong></span> <span class='ocrx_word' id='word_1_204' title='bbox 503 2218 540 2277; x_wconf 91' lang='lat' dir='ltr'><strong>de</strong></span> <span class='ocrx_word' id='word_1_205' title='bbox 560 2220 623 2278; x_wconf 90' lang='lat' dir='ltr'><strong>cibo</strong></span> <span class='ocrx_word' id='word_1_206' title='bbox 638 2228 669 2277; x_wconf 86' lang='lat' dir='ltr'><strong>et</strong></span> <span class='ocrx_word' id='word_1_207' title='bbox 688 2228 774 2293; x_wconf 84' lang='lat' dir='ltr'><strong>potu,</strong></span> <span class='ocrx_word' id='word_1_208' title='bbox 796 2219 889 2290; x_wconf 87' lang='lat' dir='ltr'><strong>qualis</strong></span> <span class='ocrx_word' id='word_1_209' title='bbox 903 2221 930 2277; x_wconf 87' lang='lat' dir='ltr'><strong>is</strong></span> <span class='ocrx_word' id='word_1_210' title='bbox 943 2221 996 2292; x_wconf 88' lang='lat' dir='ltr'><strong>sit,</strong></span> <span class='ocrx_word' id='word_1_211' title='bbox 1020 2219 1071 2277; x_wconf 87' lang='lat' dir='ltr'><strong>sed</strong></span> <span class='ocrx_word' id='word_1_212' title='bbox 1087 2217 1189 2277; x_wconf 88' lang='lat' dir='ltr'><strong>demus</strong></span> 
     </span>
     <span class='ocr_line' id='line_1_22' title="bbox 20 2322 1189 2397; baseline 0.003 -20"><span class='ocrx_word' id='word_1_213' title='bbox 20 2336 142 2396; x_wconf 88' lang='lat' dir='ltr'><strong>operam,</strong></span> <span class='ocrx_word' id='word_1_214' title='bbox 156 2329 191 2380; x_wconf 94' lang='lat' dir='ltr'><strong>ut</strong></span> <span class='ocrx_word' id='word_1_215' title='bbox 198 2323 293 2382; x_wconf 90' lang='lat' dir='ltr'><strong>sobrie</strong></span> <span class='ocrx_word' id='word_1_216' title='bbox 302 2339 366 2381; x_wconf 87' lang='lat' dir='ltr'><strong>cum</strong></span> <span class='ocrx_word' id='word_1_217' title='bbox 380 2325 539 2396; x_wconf 80' lang='lat' dir='ltr'><strong>gratiarum</strong></span> <span class='ocrx_word' id='word_1_218' title='bbox 548 2325 660 2381; x_wconf 90' lang='lat' dir='ltr'><strong>actione</strong></span> <span class='ocrx_word' id='word_1_219' title='bbox 669 2331 831 2395; x_wconf 78' lang='lat' dir='ltr'><strong>preterque</strong></span> <span class='ocrx_word' id='word_1_220' title='bbox 847 2325 969 2397; x_wconf 80' lang='lat' dir='ltr'><strong>proximi</strong></span> <span class='ocrx_word' id='word_1_221' title='bbox 983 2322 1189 2382; x_wconf 79' lang='lat' dir='ltr'><strong>offendiculum</strong></span> 
     </span>
     <span class='ocr_line' id='line_1_23' title="bbox 21 2428 1190 2502; baseline 0.003 -18"><span class='ocrx_word' id='word_1_222' title='bbox 21 2440 169 2501; x_wconf 73' lang='lat' dir='ltr'><strong>mamus,</strong></span> <span class='ocrx_word' id='word_1_223' title='bbox 184 2428 271 2500; x_wconf 87' lang='lat' dir='ltr'><strong>hujus</strong></span> <span class='ocrx_word' id='word_1_224' title='bbox 283 2429 358 2486; x_wconf 87' lang='lat' dir='ltr'><strong>enim</strong></span> <span class='ocrx_word' id='word_1_225' title='bbox 371 2428 479 2487; x_wconf 87' lang='lat' dir='ltr'><strong>domini</strong></span> <span class='ocrx_word' id='word_1_226' title='bbox 495 2445 601 2501; x_wconf 88' lang='lat' dir='ltr'><strong>sumus,</strong></span> <span class='ocrx_word' id='word_1_227' title='bbox 616 2431 677 2486; x_wconf 82' lang='lat' dir='ltr'><strong>sire</strong></span> <span class='ocrx_word' id='word_1_228' title='bbox 692 2430 822 2502; x_wconf 70' lang='lat' dir='ltr'><strong>sivimus,</strong></span> <span class='ocrx_word' id='word_1_229' title='bbox 834 2430 894 2487; x_wconf 81' lang='lat' dir='ltr'><strong>sire</strong></span> <span class='ocrx_word' id='word_1_230' title='bbox 906 2429 1052 2487; x_wconf 86' lang='lat' dir='ltr'><strong>morimur.</strong></span> <span class='ocrx_word' id='word_1_231' title='bbox 1075 2429 1121 2487; x_wconf 87' lang='lat' dir='ltr'><strong>De</strong></span> <span class='ocrx_word' id='word_1_232' title='bbox 1134 2428 1190 2487; x_wconf 82' lang='lat' dir='ltr'><strong>hoo</strong></span> 
     </span>
     <span class='ocr_line' id='line_1_24' title="bbox 23 2532 1188 2605; baseline 0.002 -16"><span class='ocrx_word' id='word_1_233' title='bbox 23 2538 112 2591; x_wconf 81' lang='lat' dir='ltr'><strong>tutem</strong></span> <span class='ocrx_word' id='word_1_234' title='bbox 120 2533 236 2591; x_wconf 85' lang='lat' dir='ltr'><strong>solliciti</strong></span> <span class='ocrx_word' id='word_1_235' title='bbox 244 2534 342 2604; x_wconf 87' lang='lat' dir='ltr'><strong>simus,</strong></span> <span class='ocrx_word' id='word_1_236' title='bbox 352 2548 410 2604; x_wconf 87' lang='lat' dir='ltr'><strong>quo</strong></span> <span class='ocrx_word' id='word_1_237' title='bbox 419 2534 462 2591; x_wconf 88' lang='lat' dir='ltr'><strong>ita</strong></span> <span class='ocrx_word' id='word_1_238' title='bbox 473 2535 762 2605; x_wconf 75' lang='lat' dir='ltr'><strong>duminstituumus,</strong></span> <span class='ocrx_word' id='word_1_239' title='bbox 778 2540 811 2590; x_wconf 91' lang='lat' dir='ltr'><strong>ut</strong></span> <span class='ocrx_word' id='word_1_240' title='bbox 827 2549 924 2591; x_wconf 87' lang='lat' dir='ltr'><strong>coram</strong></span> <span class='ocrx_word' id='word_1_241' title='bbox 932 2532 1018 2605; x_wconf 76' lang='lat' dir='ltr'><strong>huius</strong></span> <span class='ocrx_word' id='word_1_242' title='bbox 1027 2533 1128 2590; x_wconf 87' lang='lat' dir='ltr'><strong>summi</strong></span> <span class='ocrx_word' id='word_1_243' title='bbox 1139 2533 1188 2604; x_wconf 86' lang='lat' dir='ltr'><strong>ju·</strong></span> 
     </span>
     <span class='ocr_line' id='line_1_25' title="bbox 24 2620 1188 2710; baseline 0.002 -17"><span class='ocrx_word' id='word_1_244' title='bbox 24 2634 88 2694; x_wconf 74' lang='lat' dir='ltr'><strong>uos</strong></span> <span class='ocrx_word' id='word_1_245' title='bbox 100 2637 241 2695; x_wconf 74' lang='lat' dir='ltr'><strong>nieman</strong></span> <span class='ocrx_word' id='word_1_246' title='bbox 250 2638 406 2696; x_wconf 62' lang='lat' dir='ltr'><strong>oisemo</strong></span> <span class='ocrx_word' id='word_1_247' title='bbox 416 2654 561 2710; x_wconf 63' lang='lat' dir='ltr'><strong>quomis</strong></span> <span class='ocrx_word' id='word_1_248' title='bbox 585 2637 666 2694; x_wconf 74' lang='lat' dir='ltr'><strong>cuo</strong></span> <span class='ocrx_word' id='word_1_249' title='bbox 677 2644 706 2694; x_wconf 79' lang='lat' dir='ltr'><strong>o</strong></span> <span class='ocrx_word' id='word_1_250' title='bbox 720 2638 804 2710; x_wconf 71' lang='lat' dir='ltr'><strong>pium</strong></span> <span class='ocrx_word' id='word_1_251' title='bbox 817 2638 848 2695; x_wconf 81' lang='lat' dir='ltr'><strong>n</strong></span> <span class='ocrx_word' id='word_1_252' title='bbox 861 2637 936 2695; x_wconf 74' lang='lat' dir='ltr'><strong>sano</strong></span> <span class='ocrx_word' id='word_1_253' title='bbox 950 2620 1188 2696; x_wconf 66' lang='lat' dir='ltr'><strong>sensionem.</strong></span> 
     </span>
    </p>

    <p class='ocr_par' dir='ltr' id='par_1_4' title="bbox 19 2738 1190 3535">
     <span class='ocr_line' id='line_1_26' title="bbox 103 2738 1188 2816; baseline -0.001 -16"><span class='ocrx_word' id='word_1_254' title='bbox 103 2742 217 2800; x_wconf 86' lang='lat' dir='ltr'><strong>Eadem</strong></span> <span class='ocrx_word' id='word_1_255' title='bbox 230 2741 370 2801; x_wconf 80' lang='lat' dir='ltr'><strong>archidux</strong></span> <span class='ocrx_word' id='word_1_256' title='bbox 376 2743 601 2816; x_wconf 76' lang='lat' dir='ltr'><strong>Maximilianus,</strong></span> <span class='ocrx_word' id='word_1_257' title='bbox 616 2741 795 2799; x_wconf 87' lang='lat' dir='ltr'><strong>Ferdiuaudi</strong></span> <span class='ocrx_word' id='word_1_258' title='bbox 802 2742 995 2799; x_wconf 90' lang='lat' dir='ltr'><strong>Romanorum</strong></span> <span class='ocrx_word' id='word_1_259' title='bbox 1009 2742 1086 2815; x_wconf 75' lang='lat' dir='ltr'><strong>regis</strong></span> <span class='ocrx_word' id='word_1_260' title='bbox 1100 2738 1188 2814; x_wconf 84' lang='lat' dir='ltr'><strong>filius,</strong></span> 
     </span>
     <span class='ocr_line' id='line_1_27' title="bbox 23 2845 1189 2920; baseline 0.002 -15"><span class='ocrx_word' id='word_1_261' title='bbox 23 2846 140 2919; x_wconf 83' lang='lat' dir='ltr'><strong>primum</strong></span> <span class='ocrx_word' id='word_1_262' title='bbox 153 2847 230 2905; x_wconf 88' lang='lat' dir='ltr'><strong>inter</strong></span> <span class='ocrx_word' id='word_1_263' title='bbox 243 2848 357 2905; x_wconf 87' lang='lat' dir='ltr'><strong>tertiam</strong></span> <span class='ocrx_word' id='word_1_264' title='bbox 372 2854 402 2906; x_wconf 89' lang='lat' dir='ltr'><strong>et</strong></span> <span class='ocrx_word' id='word_1_265' title='bbox 417 2853 552 2920; x_wconf 80' lang='lat' dir='ltr'><strong>quartam</strong></span> <span class='ocrx_word' id='word_1_266' title='bbox 566 2847 653 2906; x_wconf 89' lang='lat' dir='ltr'><strong>horas</strong></span> <span class='ocrx_word' id='word_1_267' title='bbox 668 2846 909 2905; x_wconf 87' lang='lat' dir='ltr'><strong>autemeridiuuas</strong></span> <span class='ocrx_word' id='word_1_268' title='bbox 924 2846 992 2904; x_wconf 89' lang='lat' dir='ltr'><strong>hinc</strong></span> <span class='ocrx_word' id='word_1_269' title='bbox 1005 2845 1044 2904; x_wconf 85' lang='lat' dir='ltr'><strong>ab</strong></span> <span class='ocrx_word' id='word_1_270' title='bbox 1056 2846 1189 2920; x_wconf 78' lang='lat' dir='ltr'><strong>Augusta</strong></span> 
     </span>
     <span class='ocr_line' id='line_1_28' title="bbox 23 2948 1190 3026; baseline 0.001 -17"><span class='ocrx_word' id='word_1_271' title='bbox 23 2948 252 3025; x_wconf 79' lang='lat' dir='ltr'><strong>lundtsburgum</strong></span> <span class='ocrx_word' id='word_1_272' title='bbox 270 2951 301 3008; x_wconf 90' lang='lat' dir='ltr'><strong>in</strong></span> <span class='ocrx_word' id='word_1_273' title='bbox 320 2951 476 3026; x_wconf 83' lang='lat' dir='ltr'><strong>Hispanias</strong></span> <span class='ocrx_word' id='word_1_274' title='bbox 497 2950 678 3026; x_wconf 86' lang='lat' dir='ltr'><strong>proiecturus</strong></span> <span class='ocrx_word' id='word_1_275' title='bbox 700 2949 789 3023; x_wconf 90' lang='lat' dir='ltr'><strong>abiit,</strong></span> <span class='ocrx_word' id='word_1_276' title='bbox 804 2950 882 3023; x_wconf 85' lang='lat' dir='ltr'><strong>quod</strong></span> <span class='ocrx_word' id='word_1_277' title='bbox 897 2950 976 3009; x_wconf 88' lang='lat' dir='ltr'><strong>Deus</strong></span> <span class='ocrx_word' id='word_1_278' title='bbox 991 2956 1051 3024; x_wconf 89' lang='lat' dir='ltr'><strong>opt.</strong></span> <span class='ocrx_word' id='word_1_279' title='bbox 1067 2967 1143 3009; x_wconf 83' lang='lat' dir='ltr'><strong>max.</strong></span> <span class='ocrx_word' id='word_1_280' title='bbox 1158 2958 1190 3011; x_wconf 86' lang='lat' dir='ltr'><strong>et</strong></span> 
     </span>
     <span class='ocr_line' id='line_1_29' title="bbox 21 3054 1189 3131; baseline -0.001 -17"><span class='ocrx_word' id='word_1_281' title='bbox 21 3057 132 3131; x_wconf 74' lang='lat' dir='ltr'><strong>optime</strong></span> <span class='ocrx_word' id='word_1_282' title='bbox 147 3057 211 3130; x_wconf 87' lang='lat' dir='ltr'><strong>spei</strong></span> <span class='ocrx_word' id='word_1_283' title='bbox 224 3055 399 3115; x_wconf 85' lang='lat' dir='ltr'><strong>adolescenti</strong></span> <span class='ocrx_word' id='word_1_284' title='bbox 414 3054 611 3113; x_wconf 83' lang='lat' dir='ltr'><strong>etGermanioe</strong></span> <span class='ocrx_word' id='word_1_285' title='bbox 626 3057 699 3115; x_wconf 88' lang='lat' dir='ltr'><strong>bene</strong></span> <span class='ocrx_word' id='word_1_286' title='bbox 713 3054 861 3115; x_wconf 67' lang='lat' dir='ltr'><strong>foemore</strong></span> <span class='ocrx_word' id='word_1_287' title='bbox 877 3057 1020 3130; x_wconf 78' lang='lat' dir='ltr'><strong>dignetur.</strong></span> <span class='ocrx_word' id='word_1_288' title='bbox 1043 3054 1098 3114; x_wconf 84' lang='lat' dir='ltr'><strong>Est</strong></span> <span class='ocrx_word' id='word_1_289' title='bbox 1112 3056 1189 3115; x_wconf 91' lang='lat' dir='ltr'><strong>enim</strong></span> 
     </span>
     <span class='ocr_line' id='line_1_30' title="bbox 20 3158 1188 3234; baseline 0.001 -16"><span class='ocrx_word' id='word_1_290' title='bbox 20 3161 148 3233; x_wconf 67' lang='lat' dir='ltr'><strong>pincipe</strong></span> <span class='ocrx_word' id='word_1_291' title='bbox 163 3161 258 3234; x_wconf 74' lang='lat' dir='ltr'><strong>dignis</strong></span> <span class='ocrx_word' id='word_1_292' title='bbox 271 3162 398 3221; x_wconf 89' lang='lat' dir='ltr'><strong>moribus</strong></span> <span class='ocrx_word' id='word_1_293' title='bbox 412 3161 509 3232; x_wconf 88' lang='lat' dir='ltr'><strong>homo,</strong></span> <span class='ocrx_word' id='word_1_294' title='bbox 525 3163 574 3233; x_wconf 85' lang='lat' dir='ltr'><strong>qui</strong></span> <span class='ocrx_word' id='word_1_295' title='bbox 590 3166 619 3219; x_wconf 90' lang='lat' dir='ltr'><strong>et</strong></span> <span class='ocrx_word' id='word_1_296' title='bbox 633 3161 735 3234; x_wconf 87' lang='lat' dir='ltr'><strong>pietati</strong></span> <span class='ocrx_word' id='word_1_297' title='bbox 750 3177 808 3219; x_wconf 93' lang='lat' dir='ltr'><strong>nou</strong></span> <span class='ocrx_word' id='word_1_298' title='bbox 818 3160 966 3219; x_wconf 73' lang='lat' dir='ltr'><strong>adversari</strong></span> <span class='ocrx_word' id='word_1_299' title='bbox 980 3160 1103 3217; x_wconf 86' lang='lat' dir='ltr'><strong>ridetur.</strong></span> <span class='ocrx_word' id='word_1_300' title='bbox 1120 3158 1188 3231; x_wconf 82' lang='lat' dir='ltr'><strong>sed,</strong></span> 
     </span>
     <span class='ocr_line' id='line_1_31' title="bbox 19 3263 1190 3339; baseline -0.001 -17"><span class='ocrx_word' id='word_1_301' title='bbox 19 3265 204 3339; x_wconf 76' lang='lat' dir='ltr'><strong>prohdolor,</strong></span> <span class='ocrx_word' id='word_1_302' title='bbox 224 3267 413 3339; x_wconf 81' lang='lat' dir='ltr'><strong>periculosam</strong></span> <span class='ocrx_word' id='word_1_303' title='bbox 435 3264 641 3338; x_wconf 85' lang='lat' dir='ltr'><strong>profectionem</strong></span> <span class='ocrx_word' id='word_1_304' title='bbox 662 3267 770 3324; x_wconf 86' lang='lat' dir='ltr'><strong>inritus</strong></span> <span class='ocrx_word' id='word_1_305' title='bbox 789 3268 850 3338; x_wconf 92' lang='lat' dir='ltr'><strong>ipse</strong></span> <span class='ocrx_word' id='word_1_306' title='bbox 870 3267 966 3324; x_wconf 88' lang='lat' dir='ltr'><strong>subire</strong></span> <span class='ocrx_word' id='word_1_307' title='bbox 988 3265 1103 3323; x_wconf 86' lang='lat' dir='ltr'><strong>dicitur.</strong></span> <span class='ocrx_word' id='word_1_308' title='bbox 1141 3263 1190 3321; x_wconf 88' lang='lat' dir='ltr'><strong>Sic</strong></span> 
     </span>
     <span class='ocr_line' id='line_1_32' title="bbox 20 3364 1190 3444; baseline 0.001 -15"><span class='ocrx_word' id='word_1_309' title='bbox 20 3364 114 3429; x_wconf 59' lang='lat' dir='ltr'><strong>&amp;runt</strong></span> <span class='ocrx_word' id='word_1_310' title='bbox 127 3369 191 3428; x_wconf 85' lang='lat' dir='ltr'><strong>fota</strong></span> <span class='ocrx_word' id='word_1_311' title='bbox 206 3370 335 3444; x_wconf 71' lang='lat' dir='ltr'><strong>deorum</strong></span> <span class='ocrx_word' id='word_1_312' title='bbox 350 3387 387 3428; x_wconf 89' lang='lat' dir='ltr'><strong>ne</strong></span> <span class='ocrx_word' id='word_1_313' title='bbox 402 3371 470 3442; x_wconf 86' lang='lat' dir='ltr'><strong>quid</strong></span> <span class='ocrx_word' id='word_1_314' title='bbox 487 3369 554 3428; x_wconf 82' lang='lat' dir='ltr'><strong>boui</strong></span> <span class='ocrx_word' id='word_1_315' title='bbox 569 3370 678 3429; x_wconf 86' lang='lat' dir='ltr'><strong>habeat</strong></span> <span class='ocrx_word' id='word_1_316' title='bbox 691 3369 854 3428; x_wconf 86' lang='lat' dir='ltr'><strong>Germania.</strong></span> <span class='ocrx_word' id='word_1_317' title='bbox 878 3370 1012 3429; x_wconf 84' lang='lat' dir='ltr'><strong>Deducat</strong></span> <span class='ocrx_word' id='word_1_318' title='bbox 1026 3376 1056 3429; x_wconf 91' lang='lat' dir='ltr'><strong>et</strong></span> <span class='ocrx_word' id='word_1_319' title='bbox 1070 3369 1190 3430; x_wconf 84' lang='lat' dir='ltr'><strong>reducat</strong></span> 
     </span>
     <span class='ocr_line' id='line_1_33' title="bbox 20 3472 1036 3535; baseline 0 -2"><span class='ocrx_word' id='word_1_320' title='bbox 20 3486 82 3533; x_wconf 80' lang='lat' dir='ltr'><strong>tum</strong></span> <span class='ocrx_word' id='word_1_321' title='bbox 98 3474 230 3534; x_wconf 64' lang='lat' dir='ltr'><strong>ominus</strong></span> <span class='ocrx_word' id='word_1_322' title='bbox 245 3480 276 3533; x_wconf 89' lang='lat' dir='ltr'><strong>et</strong></span> <span class='ocrx_word' id='word_1_323' title='bbox 289 3473 327 3533; x_wconf 88' lang='lat' dir='ltr'><strong>ab</strong></span> <span class='ocrx_word' id='word_1_324' title='bbox 341 3475 491 3535; x_wconf 88' lang='lat' dir='ltr'><strong>lberorum</strong></span> <span class='ocrx_word' id='word_1_325' title='bbox 505 3472 606 3533; x_wconf 81' lang='lat' dir='ltr'><strong>fraude</strong></span> <span class='ocrx_word' id='word_1_326' title='bbox 620 3481 651 3533; x_wconf 90' lang='lat' dir='ltr'><strong>et</strong></span> <span class='ocrx_word' id='word_1_327' title='bbox 664 3473 862 3533; x_wconf 85' lang='lat' dir='ltr'><strong>incredulitate</strong></span> <span class='ocrx_word' id='word_1_328' title='bbox 878 3480 1036 3534; x_wconf 85' lang='lat' dir='ltr'><strong>conservet.</strong></span> 
     </span>
    </p>

    <p class='ocr_par' dir='ltr' id='par_1_5' title="bbox 19 3578 1191 3953">
     <span class='ocr_line' id='line_1_34' title="bbox 106 3578 1188 3654; baseline 0.001 -16"><span class='ocrx_word' id='word_1_329' title='bbox 106 3580 152 3638; x_wconf 86' lang='lat' dir='ltr'><strong>lle</strong></span> <span class='ocrx_word' id='word_1_330' title='bbox 167 3580 299 3654; x_wconf 87' lang='lat' dir='ltr'><strong>pecunia,</strong></span> <span class='ocrx_word' id='word_1_331' title='bbox 315 3596 369 3652; x_wconf 89' lang='lat' dir='ltr'><strong>pro</strong></span> <span class='ocrx_word' id='word_1_332' title='bbox 384 3596 441 3653; x_wconf 86' lang='lat' dir='ltr'><strong>qua</strong></span> <span class='ocrx_word' id='word_1_333' title='bbox 455 3596 549 3638; x_wconf 89' lang='lat' dir='ltr'><strong>comes</strong></span> <span class='ocrx_word' id='word_1_334' title='bbox 565 3578 734 3639; x_wconf 88' lang='lat' dir='ltr'><strong>Wilhelmus</strong></span> <span class='ocrx_word' id='word_1_335' title='bbox 755 3579 791 3636; x_wconf 91' lang='lat' dir='ltr'><strong>de</strong></span> <span class='ocrx_word' id='word_1_336' title='bbox 806 3579 980 3652; x_wconf 79' lang='lat' dir='ltr'><strong>Henueberg</strong></span> <span class='ocrx_word' id='word_1_337' title='bbox 999 3581 1114 3652; x_wconf 81' lang='lat' dir='ltr'><strong>scripsit</strong></span> <span class='ocrx_word' id='word_1_338' title='bbox 1127 3579 1188 3639; x_wconf 86' lang='lat' dir='ltr'><strong>No·</strong></span> 
     </span>
     <span class='ocr_line' id='line_1_35' title="bbox 21 3682 819 3759; baseline -0.005 -15"><span class='ocrx_word' id='word_1_339' title='bbox 21 3682 173 3759; x_wconf 70' lang='lat' dir='ltr'><strong>ulergam,</strong></span> <span class='ocrx_word' id='word_1_340' title='bbox 190 3683 264 3742; x_wconf 88' lang='lat' dir='ltr'><strong>nihil</strong></span> <span class='ocrx_word' id='word_1_341' title='bbox 277 3690 372 3743; x_wconf 90' lang='lat' dir='ltr'><strong>ectum</strong></span> <span class='ocrx_word' id='word_1_342' title='bbox 388 3691 417 3743; x_wconf 89' lang='lat' dir='ltr'><strong>et</strong></span> <span class='ocrx_word' id='word_1_343' title='bbox 431 3683 563 3744; x_wconf 83' lang='lat' dir='ltr'><strong>Etzdorll</strong></span> <span class='ocrx_word' id='word_1_344' title='bbox 574 3686 685 3743; x_wconf 88' lang='lat' dir='ltr'><strong>litteras</strong></span> <span class='ocrx_word' id='word_1_345' title='bbox 699 3684 819 3741; x_wconf 86' lang='lat' dir='ltr'><strong>remisit.</strong></span> 
     </span>
     <span class='ocr_line' id='line_1_36' title="bbox 36 3783 1191 3853; baseline -0.002 -7"><span class='ocrx_word' id='word_1_346' title='bbox 36 3846 39 3853; x_wconf 86' lang='grc'>,</span> <span class='ocrx_word' id='word_1_347' title='bbox 105 3788 220 3847; x_wconf 89' lang='lat' dir='ltr'><strong>Eadem</strong></span> <span class='ocrx_word' id='word_1_348' title='bbox 235 3788 384 3848; x_wconf 85' lang='lat' dir='ltr'><strong>Liberium</strong></span> <span class='ocrx_word' id='word_1_349' title='bbox 404 3790 530 3847; x_wconf 89' lang='lat' dir='ltr'><strong>misimus</strong></span> <span class='ocrx_word' id='word_1_350' title='bbox 550 3788 588 3848; x_wconf 91' lang='lat' dir='ltr'><strong>ad</strong></span> <span class='ocrx_word' id='word_1_351' title='bbox 610 3789 740 3848; x_wconf 87' lang='lat' dir='ltr'><strong>comitem</strong></span> <span class='ocrx_word' id='word_1_352' title='bbox 763 3788 801 3847; x_wconf 88' lang='lat' dir='ltr'><strong>ab</strong></span> <span class='ocrx_word' id='word_1_353' title='bbox 815 3788 953 3847; x_wconf 64' lang='lat' dir='ltr'><strong>Annene</strong></span> <span class='ocrx_word' id='word_1_354' title='bbox 974 3788 1010 3849; x_wconf 84' lang='lat' dir='ltr'><strong>ob</strong></span> <span class='ocrx_word' id='word_1_355' title='bbox 1025 3789 1136 3847; x_wconf 86' lang='lat' dir='ltr'><strong>litteras</strong></span> <span class='ocrx_word' id='word_1_356' title='bbox 1151 3783 1191 3845; x_wconf 86' lang='lat' dir='ltr'><strong>ad</strong></span> 
     </span>
     <span class='ocr_line' id='line_1_37' title="bbox 19 3892 824 3953; baseline -0.002 0"><span class='ocrx_word' id='word_1_357' title='bbox 19 3896 213 3953; x_wconf 65' lang='lat' dir='ltr'><strong>urchiouem</strong></span> <span class='ocrx_word' id='word_1_358' title='bbox 229 3893 379 3952; x_wconf 73' lang='lat' dir='ltr'><strong>albertum</strong></span> <span class='ocrx_word' id='word_1_359' title='bbox 394 3899 552 3953; x_wconf 78' lang='lat' dir='ltr'><strong>etecusam</strong></span> <span class='ocrx_word' id='word_1_360' title='bbox 567 3910 631 3951; x_wconf 87' lang='lat' dir='ltr'><strong>eum</strong></span> <span class='ocrx_word' id='word_1_361' title='bbox 646 3892 824 3952; x_wconf 75' lang='lat' dir='ltr'><strong>coloniense.</strong></span> 
     </span>
    </p>

    <p class='ocr_par' dir='ltr' id='par_1_6' title="bbox 108 3992 1190 4074">
     <span class='ocr_line' id='line_1_38' title="bbox 108 3992 1190 4074; baseline -0.006 -14"><span class='ocrx_word' id='word_1_362' title='bbox 108 3999 289 4060; x_wconf 80' lang='lat' dir='ltr'><strong>Coloniensis</strong></span> <span class='ocrx_word' id='word_1_363' title='bbox 309 4000 362 4060; x_wconf 90' lang='lat' dir='ltr'><strong>sub</strong></span> <span class='ocrx_word' id='word_1_364' title='bbox 382 4015 530 4074; x_wconf 75' lang='lat' dir='ltr'><strong>vesperam</strong></span> <span class='ocrx_word' id='word_1_365' title='bbox 550 4000 580 4057; x_wconf 89' lang='lat' dir='ltr'><strong>ln</strong></span> <span class='ocrx_word' id='word_1_366' title='bbox 604 3998 704 4059; x_wconf 84' lang='lat' dir='ltr'><strong>urbem</strong></span> <span class='ocrx_word' id='word_1_367' title='bbox 726 4014 894 4058; x_wconf 86' lang='lat' dir='ltr'><strong>reversurus</strong></span> <span class='ocrx_word' id='word_1_368' title='bbox 915 3996 1034 4065; x_wconf 87' lang='lat' dir='ltr'><strong>dicitur,</strong></span> <span class='ocrx_word' id='word_1_369' title='bbox 1056 3998 1085 4052; x_wconf 90' lang='lat' dir='ltr'><strong>et</strong></span> <span class='ocrx_word' id='word_1_370' title='bbox 1103 3992 1190 4053; x_wconf 86' lang='lat' dir='ltr'><strong>rediit</strong></span> 
     </span>
    </p>
   </div>
   <div class='ocr_carea' id='block_1_4' title="bbox 20 4104 260 4178">
    <p class='ocr_par' dir='ltr' id='par_1_7' title="bbox 20 4104 260 4178">
     <span class='ocr_line' id='line_1_39' title="bbox 20 4104 260 4178; baseline -0.004 -15"><span class='ocrx_word' id='word_1_371' title='bbox 20 4116 131 4178; x_wconf 70' lang='lat' dir='ltr'><strong>quoque</strong></span> <span class='ocrx_word' id='word_1_372' title='bbox 147 4104 260 4165; x_wconf 86' lang='lat' dir='ltr'><strong>eadem.</strong></span> 
     </span>
    </p>
   </div>
   <div class='ocr_carea' id='block_1_5' title="bbox 0 0 1346 4546">
    <p class='ocr_par' dir='ltr' id='par_1_8' title="bbox 0 0 1346 4546">
     <span class='ocr_line' id='line_1_40' title="bbox 0 0 1346 4546; baseline 0 0"><span class='ocrx_word' id='word_1_373' title='bbox 0 0 1346 4546; x_wconf 95' lang='lat' dir='ltr'><strong> </strong></span> 
     </span>
    </p>
   </div>
  </div>
 </body>
</html>
