2678 4546
685 44 730 111 ta

121 234 188 310 bus,
218 234 312 295 Deum
340 237 369 292 et
391 229 496 291 ostium
519 228 663 292 Christum
690 227 806 290 assidue
831 231 976 305 pulsemus
997 230 1061 291 eine
1084 229 1296 293 intermissione

121 347 248 414 orentes,
265 338 337 397 nihil
351 336 515 397 dubitantes
531 353 584 395 nos
598 353 650 410 per
664 334 811 397 Christum
826 339 970 399 exaudiri.-

210 443 321 503 Eedem
344 441 421 516 apud
441 442 663 503 Atrebatensem
684 443 866 505 sollicitatum
886 449 939 519 est,
956 444 1005 518 qui
1021 458 1188 518 quenquam
1202 441 1238 503 de
1251 444 1297 504 vla

122 551 267 612 declinere
291 549 392 622 vellet,
418 553 514 607 maren
534 565 552 608 e
571 549 653 609 nobis
675 555 848 623 praeventus.
880 550 1015 610 Nondum
1037 548 1152 610 audivit
1166 547 1296 609 mares

122 659 265 732 majestas,
274 657 374 729 inquit·
390 656 460 715 Haec
472 654 604 730 sibyllina
616 652 820 715 follicula¹nos
837 654 1099 730 apprehendereet
1114 655 1198 716 abire
1214 669 1295 730 opor-

122 764 187 822 tuit.
217 762 328 822 Eedem
341 759 434 820 fectus
450 765 493 820 cst
507 761 588 821 nobis
604 761 716 821 obviarn
732 761 826 820 Julius
842 759 934 835 Pflug‚
951 761 1131 837 Numburgae
1145 760 1188 822 ad
1203 762 1295 823 Salam

122 875 151 928 et
166 869 248 930 Zitiae
264 869 424 944 episeopus,
440 863 595 927 Amatorfio
607 869 668 940 jam
683 867 809 927 secundo
824 873 1002 942 surrogatus.
1034 910 1036 914 ,

211 975 380 1051 Opportune
400 988 514 1047 quoque
539 971 639 1031 doctor
653 971 802 1047 Philippus
818 973 886 1033 Seld
909 973 1021 1034 obviarn
1043 973 1128 1033 nobie
1143 970 1189 1048 fit,
1214 988 1293 1048 quom

121 1081 225 1142 obnixe
240 1079 422 1154 rogabamus,
438 1085 471 1137 ut
490 1077 569 1153 apud
583 1078 801 1139 Atrebatensem
816 1062 951 1155 instaret,
974 1080 999 1139 si
1014 1077 1073 1154 qua
1093 1094 1185 1141 cenea
1200 1084 1294 1139 noem

121 1185 158 1247 ad
174 1188 376 1262 imperatorem
399 1181 505 1244 deterri
525 1189 631 1259 posset.
662 1184 716 1257 Qui
735 1185 894 1261 respondit,
920 1202 952 1245 se
968 1202 1101 1262 sperasse
1113 1188 1177 1261 jam
1193 1185 1293 1248 dudum
1335 1137 1339 1246 ff

121 1288 288 1351 hocfuctum
302 1307 374 1363 esse,
389 1296 577 1364 posteaquem
591 1305 643 1348 nos
654 1290 714 1363 jem
730 1289 896 1351 obedientes
911 1308 981 1367 erge
994 1308 1150 1353 caesareenr
1163 1292 1291 1366 mdes&
1335 1331 1339 1340 ·

121 1405 179 1459 tem
194 1398 435 1473 prestitissemus.
474 1397 580 1454 Verum
594 1394 624 1454 id
638 1398 726 1456 moris
750 1403 806 1470 est,
828 1398 935 1472 inquit,
959 1396 1044 1472 huJus
1059 1397 1146 1473 aule,
1169 1397 1290 1458 homines

122 1521 203 1565 more
217 1503 340 1562 enecari.
365 1500 396 1562 Sl
411 1505 507 1561 autem
522 1501 582 1576 ipse
598 1502 628 1560 in
643 1500 696 1561 hac
711 1518 744 1561 re
757 1501 827 1574 quid
842 1498 937 1562 lacere
953 1518 1067 1578 queam,
1083 1502 1217 1576 spondeo
1231 1517 1289 1578 gra·
1321 1522 1325 1563 :

121 1612 170 1670 tire
194 1614 298 1669 vestrae
325 1620 416 1666 meam
444 1621 571 1682 operam.
617 1606 740 1675 Polliciti
767 1623 863 1667 sumus
890 1608 992 1683 igitur,
1024 1612 1055 1668 et
1076 1623 1131 1668 nos
1152 1607 1288 1671 renutu
1325 1653 1339 1664 .

122 1714 252 1792 gretiam.
1314 1704 1317 1711 ’

210 1820 274 1880 Hac
288 1819 335 1880 die
350 1817 490 1879 archidux
504 1817 608 1879 balnea
622 1834 676 1878 sua
688 1820 802 1894 peregit
820 1827 850 1880 et
862 1834 962 1880 rursus
977 1819 1007 1878 in
1021 1819 1133 1880 curum
1148 1834 1230 1881 snam
1242 1816 1285 1879 ni·
1314 1856 1318 1877 .

123 1934 258 2002 gruterus
273 1926 388 1996 dicitur,
403 1928 592 1999 speraturque
606 1940 707 1984 rursus
722 1925 898 1986 audientiam
913 1925 959 2002 (ut
972 1922 1089 2000 vocant)
1106 1923 1188 1986 dare.
1211 1922 1284 1987 mlo
1306 1928 1339 1994 fl„

123 2032 168 2091 rio
187 2037 217 2092 et
230 2030 401 2092 Wendelino
422 2031 581 2104 iniunctum
601 2036 654 2102 est,
678 2037 710 2090 ut
731 2046 750 2089 e
770 2032 893 2105 prandio
915 2031 1032 2092 Seldnm
1052 2031 1159 2091 iterum
1180 2030 1282 2093 adea

123 2137 357 2212 Augrntanorum
370 2135 478 2210 turgidi
491 2137 577 2196 loculi
591 2153 690 2196 rursus
705 2136 866 2211 emulgendi
880 2136 1023 2197 deunur.
1054 2136 1133 2196 Nam
1147 2138 1301 2213 omenta!
1337 2197 1339 2200 .

123 2258 177 2317 pro
200 2258 253 2301 sue
273 2240 474 2315 jurisdictione
501 2232 638 2301 hactenns
661 2242 820 2317 intercepte
844 2258 978 2316 magnam
1004 2242 1138 2317 pecuniae
1160 2252 1339 2343 summan&

124 2349 204 2424 petit.
235 2348 291 2407 Hic
306 2353 370 2408 erat
384 2349 532 2408 vicesimus
548 2347 609 2407 dies
622 2349 699 2422 quod
714 2348 792 2422 apud
807 2347 957 2408 concilium
971 2348 1122 2422 imperiale
1137 2347 1229 2409 auditi
1240 2342 1280 2407 inl·
1295 2374 1299 2413 ε

123 2470 195 2530 mus,
212 2469 266 2513 nec
279 2454 391 2514 interea
405 2456 542 2529 temporis
558 2470 592 2515 eu
608 2454 772 2514 intromissi.

212 2560 324 2620 Eadem
333 2558 643 2622 famulusdominorum
652 2558 929 2620 deMenderscheidt
938 2556 1178 2620 educereversns
1187 2551 1286 2635 estqd
1325 2570 1335 2577 ·

126 2666 335 2726 Theodericum
349 2674 461 2743 patrem
477 2662 650 2727 Theudorici
666 2664 760 2726 affinis
775 2667 867 2726 nostri
882 2666 913 2724 in
923 2661 1112 2739 Cranenburg
1126 2662 1231 2725 Eiffliae
1243 2676 1287 2739 po·

124 2771 216 2844 (legra
231 2771 399 2832 decumbere
414 2774 464 2832 ait.
488 2769 611 2832 Affinem
628 2787 697 2832 vero
714 2776 743 2831 et
758 2787 886 2831 sororem
906 2775 1034 2832 nostram
1047 2769 1167 2831 Ericem
1180 2784 1252 2831 nuno
1262 2768 1294 2829 b

126 2875 364 2936 Menderscheidt
386 2877 501 2952 degere.
540 2878 653 2937 Annam
675 2879 784 2953 neptim
808 2883 935 2937 nostram
956 2892 993 2936 ex
1014 2891 1115 2936 sorore
1136 2891 1202 2937 cese

126 2980 244 3042 lretrem
260 2987 387 3042 nostrum
402 2984 547 3042 uterinum
562 2981 721 3043 Arnolddm
736 2983 866 3043 comitem
881 2983 911 3041 in
928 2978 1078 3043 Stenlnrdt
1091 2987 1123 3043 et
1136 2980 1192 3043 Be·
1222 3010 1224 3032 t
1239 3007 1256 3029 v
1302 3015 1303 3018 κ

126 3086 270 3148 dominum
291 3091 321 3147 in
336 3088 540 3162 Wevelkoven‚
563 3088 780 3164 Margaretham
800 3090 885 3148 matri
903 3088 1055 3147 inseruire.
1089 3087 1166 3147 th
1180 3114 1203 3139 ..
1226 3088 1246 3135 ·.

93 3184 97 3190 ’
127 3200 260 3268 nepotem
283 3199 411 3254 nostrum
435 3196 465 3254 in
487 3193 722 3255 Mandcrscheidt
745 3192 798 3253 sub
826 3193 983 3268 paedagogo
1008 3193 1103 3254 literis
1124 3195 1232 3255 ineum

127 3298 203 3359 Huic
218 3298 324 3359 lamule
339 3298 475 3360 mandata
489 3298 526 3361 ed
541 3315 668 3361 sororem
683 3304 810 3360 noemam
825 3303 855 3358 et
869 3298 986 3358 comites
1001 3312 1068 3357 suos
1083 3299 1224 3361 dedimus.
1315 3354 1336 3377 ,

215 3403 324 3463 Eadem
339 3405 416 3465 inter
430 3410 558 3466 octavam
579 3412 608 3466 et
627 3422 731 3465 nonam
753 3404 979 3478 pomeridianam
994 3419 1047 3463 rex
1062 3404 1193 3481 Thonis,
1222 3433 1225 3452 ·
1258 3445 1259 3449 =

128 3508 176 3568 alii
193 3506 373 3584 Carthaginis
388 3512 483 3587 potius
498 3528 596 3587 regem
611 3516 724 3586 putant,
739 3511 841 3597 lectica
855 3515 952 3570 uectus
962 3525 1026 3568 cnm
1041 3508 1136 3571 altero
1151 3512 1213 3587 eju
1241 3520 1252 3556 ³
1269 3486 1273 3497 ¹

127 3630 192 3673 rum
215 3615 316 3688 exigno
336 3616 471 3677 satellitio
495 3618 646 3677 mmitatus
665 3618 824 3691 Augustam
845 3618 932 3676 venit.
966 3615 1044 3677 Gens
1063 3619 1160 3679 senui
1187 3648 1189 3671 ι

127 3722 208 3794 cujus
223 3723 342 3781 vestitus
357 3722 483 3781 Turcam
497 3721 617 3784 redolet.
1286 3681 1339 3772 1

215 3828 379 3888 Redeuntes
394 3827 432 3887 ed
445 3828 599 3902 hospitium
622 3828 743 3888 vidimus
758 3828 942 3889 Ambrosium
956 3828 1017 3887 Anu
1057 3845 1079 3888 u
1100 3829 1227 3904 judium
1284 3763 1339 3876 Ι

82 3952 91 3965 ·
128 3934 263 4009 tisbonae,
287 3951 323 3993 en
345 3951 401 4007 quo
422 3933 557 3993 sciscitati
577 3950 673 3993 sumus
689 3933 725 3994 de
740 3941 817 3996 stetu
831 3935 951 4009 Pergeri
967 3934 1021 3995 hoe
1081 3938 1241 3999 snoamid
1281 3895 1339 3988 ε

705 4066 721 4101 e

204 4156 215 4197 1
235 4154 248 4199 ‘l
266 4151 364 4202 foliola
