2678 4546
678 55 743 120 loo

207 241 286 299 Inter
295 243 427 313 quamam
435 243 464 298 et
472 238 600 311 quintam
609 240 694 296 horas
702 235 913 312 pomeridianas
922 235 1095 296 Henselinns
1103 237 1236 298 Venator
1244 252 1293 295 ue·

119 347 162 404 nit
175 345 214 404 ad
233 343 339 403 iratres
354 348 469 403 nostros
484 359 502 402 a
516 359 639 403 noverea
654 344 766 401 missus.
805 341 896 401 Nobis
917 357 1031 415 quoque
1053 343 1155 402 literas
1171 340 1291 401 dominae

117 467 218 510 socms
232 450 331 509 uxoris
347 456 376 509 et
391 447 690 508 doctorisMelohioris
707 447 744 507 ab
755 447 829 507 Ossa
843 446 1091 507 commendatitias
1107 462 1164 521 pro
1178 445 1291 506 Eubulo

117 557 155 616 ad
177 557 323 617 doctorem
350 557 492 616 loannem
519 555 743 629 Strombergium
766 558 796 613 et
824 551 969 613 doctorem
996 551 1170 612 Udalricum
1192 551 1289 611 Mord-

117 664 206 738 eisen,
222 662 398 723 consiliarios
411 661 545 721 Mauritii
564 660 659 734 ducis,
681 658 763 718 etad
786 658 950 732 Philippum
966 657 1071 717 selden
1085 656 1288 717 mcecancella·

117 770 192 828 rium
208 767 330 827 Caesaris
346 782 472 826 necnon
487 764 638 825 Nicolaum
653 781 671 824 a
685 763 805 822 Konritz
827 778 984 822 caesareum
999 764 1229 822 commissarium
1242 759 1290 820 ad-

116 873 221 933 ferens.
238 873 349 933 Eadem
356 873 483 932 ioannes
494 888 511 930 a
521 869 720 930 Reichenhaoh
728 866 876 926 medicinae
888 867 988 928 doctor
996 867 1147 928 nobiscnm
1156 869 1290 929 coenauit

204 978 336 1041 Reddita
351 976 435 1036 nobis
456 977 557 1036 eadem
572 981 639 1034 sunt
660 975 753 1033 literae
768 975 969 1047 spectatissimi
991 974 1097 1047 e'quitis
1112 973 1291 1035 Balthasaris

116 1084 318 1160 adultlingen.
334 1084 421 1143 Ferit
438 1082 569 1143 dominum
583 1082 734 1152 utriusque
744 1085 841 1139 votum
855 1077 978 1138 ioelicem
994 1081 1137 1140 sortiatur
1152 1078 1289 1138 ellectum.

205 1191 374 1251 Ambrosius
395 1188 533 1263 Ammon,
560 1203 623 1261 quae
644 1187 680 1246 dc
699 1186 816 1246 Interim
838 1187 1018 1259 oholeverat,
1046 1186 1198 1247 nobiscum
1217 1201 1288 1245 com·

117 1297 279 1356 municavit.
317 1280 549 1354 Volkmarienses
565 1297 594 1353 et
614 1291 751 1353 canstein
771 1293 887 1365 egregie
908 1292 1042 1351 comitum
1065 1291 1201 1352 absentia
1214 1288 1290 1350 ahuti

118 1402 261 1463 dicuntur.

205 1506 316 1568 Eadem
339 1504 504 1568 hladrutius
530 1505 716 1565 Tridentinus
744 1492 895 1580 episeopus
919 1508 948 1563 et
974 1502 1130 1563 cardinalis
1151 1502 1288 1577 Augusta

117 1614 197 1675 obiit.
236 1612 371 1672 carolum
385 1628 403 1672 a
418 1611 571 1671 Stochhem
592 1610 627 1670 de
648 1611 731 1671 seriis
754 1626 817 1667 cum
832 1625 866 1668 eo
888 1610 982 1669 amuri
996 1608 1035 1668 ad
1051 1624 1165 1668 caenam
1180 1607 1288 1670 vocavi·

118 1735 191 1794 mus,
207 1718 258 1778 sed
273 1718 370 1777 neseio
385 1733 443 1789 qua
457 1717 589 1775 molestia
604 1720 766 1775 remoratus
783 1722 836 1775 est.
923 1725 926 1728 ·

205 1824 316 1883 Eadem
331 1823 514 1896 cognovimus
535 1821 665 1880 consules
680 1820 866 1894 Augustanos
889 1818 1012 1880 fratrum
1027 1824 1057 1900 et
1071 1819 1165 1880 nostri
1188 1824 1285 1893 rogatu

116 1928 239 1989 lanionis
254 1928 347 1987 nostri
360 1926 480 1987 fratrem
494 1927 525 1985 in
540 1927 662 2000 gratiam
677 1914 831 2001 recepisse.

205 2034 279 2092 Veni
294 2039 408 2092 meatur
422 2032 549 2105 spiritus,
570 2037 680 2091 mentes
694 2035 809 2089 tuorum
822 2032 918 2106 visita,
941 2011 1028 2106 imple
1042 2046 1171 2106 superna
1185 2029 1282 2106 grstia

117 2144 229 2212 quatu
244 2139 347 2196 creasti
363 2141 490 2211 pectora.
529 2137 608 2196 Pene
632 2138 708 2195 enim
728 2138 758 2195 in
780 2137 911 2196 omnibus
931 2136 1013 2196 nobis
1035 2136 1111 2211 ignis
1126 2136 1233 2196 amoris
1245 2133 1280 2192 tui

117 2245 258 2303 exdncms
277 2247 329 2301 est.
368 2242 413 2300 Tu
429 2258 446 2301 e
460 2240 565 2301 favillis
578 2240 706 2302 flammas
723 2243 825 2317 excita,
851 2259 907 2315 quo
923 2241 1011 2301 corda
1025 2247 1127 2301 nostra
1141 2238 1278 2310 mlafaea

117 2365 152 2409 ea
168 2365 232 2423 qnae
255 2347 336 2407 nohis
353 2348 438 2420 juxta
460 2347 630 2421 promissum
646 2346 753 2406 domini
778 2355 807 2408 et
821 2348 973 2408 salvatoris
988 2349 1081 2407 nostri
1094 2347 1168 2408 Jesu
1183 2344 1278 2407 christi

116 2457 260 2531 suggeris,
281 2453 445 2514 medullitus
465 2469 516 2512 nos
536 2451 663 2514 afficiant
683 2459 712 2513 et
733 2453 771 2513 ad
786 2454 888 2512 animae
908 2453 1124 2528 receptaculum
1137 2451 1196 2514 lide
1216 2466 1278 2526 pura

116 2578 151 2621 ea
164 2562 402 2633 transmittamus,
425 2564 511 2633 teque
532 2563 645 2618 rectore
666 2560 762 2619 omnia
786 2565 885 2619 nostra
906 2558 944 2618 ad
962 2558 1019 2618 Dei
1038 2558 1176 2634 gloriam,
1200 2557 1276 2632 ipsius

116 2667 249 2728 audiente
263 2664 331 2740 fiho,
349 2665 514 2740 dirigamus,
531 2666 580 2737 qui
595 2666 666 2725 vivis
682 2670 711 2723 et
724 2680 828 2738 regnas
843 2680 908 2723 cum
925 2664 1025 2724 ecdem
1040 2670 1125 2741 patre
1140 2669 1170 2725 et
1184 2660 1275 2722 tiliois

114 2773 245 2832 trinitate
260 2769 390 2843 perfecta
404 2769 486 2828 Deus
501 2772 595 2829 trinus
611 2776 640 2831 et
654 2786 736 2829 unus.
760 2769 863 2830 Amen.

204 2892 243 2934 xx
256 2875 340 2949 Maji,
357 2891 421 2948 quae
437 2879 501 2933 eret
514 2875 578 2947 ipsa
594 2875 654 2934 dies
674 2879 868 2948 pentecostes,
894 2874 947 2933 sub
968 2878 1080 2932 sextam
1103 2874 1206 2934 horam
1219 2875 1274 2932 ante

115 2980 264 3040 meridiem
279 2979 317 3040 ad
328 2979 355 3038 d.
364 2978 533 3037 Mauritium
547 2980 604 3054 piae
619 2981 730 3054 aliquot
744 2976 891 3040 cantiones
903 2965 1066 3039 ‘demutata
1082 2985 1161 3040 sunt.
1176 2975 1273 3039 Deinde

115 3085 206 3144 lector
215 3100 317 3157 excep.
332 3084 512 3142 15Matthaei
527 3084 637 3157 aliquot
649 3085 847 3160 paragraphos
858 3085 927 3159 legit
938 3100 971 3144 aa
981 3090 1102 3145 cataras
1116 3075 1273 3146 monitiones

114 3205 168 3266 pro
183 3190 267 3250 solito
282 3188 358 3249 iecit.
375 3189 446 3248 Post
458 3189 520 3247 haec
531 3189 557 3248 d.
564 3190 720 3264 Masculus,
731 3191 863 3250 invocato
873 3190 998 3251 coelestis
1006 3190 1133 3251 numinis
1143 3185 1272 3266 prasidio

115 3295 263 3355 historiam
279 3295 336 3354 diei
350 3293 416 3353 festi
430 3295 515 3369 hujus
531 3312 566 3354 ex
581 3313 642 3369 cap.
656 3295 821 3355 ascerum
836 3296 907 3370 legit
922 3310 1013 3368 usqne
1028 3294 1067 3354 ad
1081 3295 1159 3356 hane
1172 3300 1273 3355 sentes·
1321 3322 1331 3335 ·

114 3398 198 3456 tiam:
217 3398 276 3457 »Et
290 3399 481 3473 loquebantur
489 3401 576 3460 variis
590 3401 706 3476 linguis,
720 3407 808 3476 prout
823 3403 942 3477 spiritus
957 3399 1044 3460 dabat
1058 3390 1142 3475 loqui
1157 3402 1217 3461 eis«
1229 3404 1274 3459 aa
1325 3408 1331 3419 ⁴

114 3501 221 3561 Aiebat
235 3509 330 3562 autem
340 3511 473 3578 oportere
484 3505 721 3581 animadvertere,
735 3524 793 3580 qua
806 3507 893 3567 animi
907 3506 1066 3566 intentione
1081 3507 1186 3567 beatus
1193 3504 1277 3567 uum
1327 3532 1331 3537 ·

115 3607 291 3693 euangelista
305 3614 334 3667 et
348 3610 453 3669 librum
468 3626 550 3669 suum
563 3613 688 3684 priorem
698 3617 726 3671 et
735 3611 819 3686 hunc,
828 3611 954 3670 ouiActa
968 3611 1276 3684 apostolorumutulm

113 3711 190 3788 lecit,
207 3715 365 3788 scripserit.
389 3715 511 3775 Videtur
526 3721 631 3791 autem,
643 3717 745 3791 inquit,
760 3715 882 3775 d.Lucae
896 3717 950 3775 hoc
964 3713 1053 3775 fnisse
1067 3717 1239 3791 institutmn,
1249 3714 1277 3771 ot

112 3820 186 3880 sicut
199 3820 333 3895 inpriore
345 3821 381 3881 de
395 3820 583 3895 humanitate,
593 3824 725 3895 passione
734 3827 763 3880 et
773 3821 1108 3898 resurrectionechristi,
1120 3820 1276 3883 similiteret

113 3923 246 3998 depastis
260 3943 295 3985 ac
303 3926 448 3985 miraculis
459 3925 566 3985 domini
574 3927 780 3986 sermocinatus
790 3934 843 4002 est,
857 3928 899 3986 ita
911 3928 941 3985 in
952 3927 1145 3988 hocsecundo
1161 3926 1275 3988 aritae

114 4028 204 4086 voluit
218 4032 309 4103 qualis
324 4032 407 4105 regni
417 4029 523 4089 Christi
535 4046 681 4090 successus
701 4036 730 4090 et
744 4037 835 4091 status
850 4038 916 4104 post
925 4033 987 4104 ejus
1001 4030 1273 4094 resurrectionen

113 4133 308 4193 ascensionem
322 4133 419 4208 fuerit,
435 4141 465 4194 et
475 4135 521 4193 hic
530 4136 714 4210 evangelistae
729 4136 801 4196 ordo
816 4135 1013 4197 observandus
1023 4144 1076 4198 est.
1094 4138 1186 4199 simili
1199 4130 1272 4196 moda
