2678 4546
658 53 718 120 lot

101 257 219 316 qnoque
227 240 376 299 historiam
385 239 463 298 missi
473 237 591 313 spiritus
606 238 696 297 sancti
706 238 798 297 literis
813 238 968 298 mandavit.
986 238 1112 311 Liquere
1126 245 1220 298 autem
1233 239 1276 298 ait

100 364 138 406 ex
149 345 367 406 hacdonatione
377 344 494 418 spiritus
505 343 606 416 sancti,
615 340 803 417 quamlimnus
813 348 842 403 et
852 361 888 402 ex
898 343 973 403 cmiii
982 349 1066 416 parte
1075 343 1130 403 sibi
1140 349 1274 403 constans

102 450 387 511 sitdominusnoster
396 446 483 509 Jesua
495 448 626 508 Christus
640 451 669 506 in
682 447 919 522 promissionibus
935 450 1007 521 suis,
1033 450 1130 522 utique
1151 451 1201 522 qui
1213 450 1273 522 jam

101 557 139 616 ad
155 556 288 615 dextram
304 554 361 617 Ilei
379 554 471 628 patris
490 550 594 613 sedens
615 559 710 612 tamen
724 554 896 626 promissum
915 555 1001 613 toties
1016 555 1193 629 paracletum
1208 555 1272 612 mit·

92 669 166 721 tere
182 677 242 720 non
256 660 429 733 neglexerit,
453 659 582 733 allegans
603 659 708 717 multos
728 659 806 718 locos
825 675 860 716 ex
875 659 1067 733 Evangelistis
1083 659 1119 721 de
1134 661 1274 733 promisso

104 767 133 826 S.
151 766 266 842 spiritu.
301 765 374 824 Item
396 769 505 838 quanta
519 765 631 822 vanites
651 765 689 822 sit
702 764 923 837 promissionum
941 764 1131 823 humanarum
1146 773 1175 825 et
1190 782 1274 839 quam

102 871 237 944 proclivis
252 867 455 930 beneficiorum
470 868 586 942 oblivio,
609 868 753 928 adducens
773 870 932 943 exemplum
946 869 1091 944 pincernae
1106 871 1183 944 regis
1197 870 1273 930 Pha·

103 976 200 1035 raonis
215 992 286 1049 erga
299 974 408 1048 Joseph
423 976 497 1034 libro
513 991 609 1050 genes.
635 973 704 1048 Cap.
723 978 774 1034 41.
804 974 876 1031 Item
891 973 968 1046 qnod
984 974 1100 1046 spiritus
1115 983 1230 1035 sanctus
1244 977 1274 1034 in

105 1081 258 1140 divinitate
271 1081 392 1154 aequalis
406 1096 470 1139 curn
484 1085 568 1155 patre
584 1086 613 1138 et
627 1078 685 1138 filio
700 1081 747 1153 sit,
770 1079 816 1137 laic
837 1096 951 1153 qnoque
966 1081 1168 1140 nonnullorum
1183 1081 1274 1141 nera

104 1187 225 1246 ticcrum
239 1200 369 1244 errorem
383 1186 551 1260 corripiens.
584 1186 656 1244 item
672 1184 748 1258 qnod
768 1185 911 1245 interdum
925 1184 1032 1244 donum
1051 1187 1170 1260 spiritus
1185 1187 1275 1246 sancti

103 1306 155 1364 pro
170 1290 236 1364 ipso
251 1289 357 1363 spiritu
371 1290 540 1363 accipietur.
579 1291 651 1349 Item
675 1289 746 1362 qnid
769 1290 824 1348 sihi
843 1291 911 1348 uelit
926 1292 1110 1364 evangeliste,
1140 1307 1203 1351 cnm
1218 1293 1273 1350 ait:

103 1397 142 1454 Et
155 1393 251 1453 iactus
273 1400 318 1453 cst
335 1400 455 1468 repente
475 1409 563 1453 sonus
583 1395 656 1453 sicut
669 1395 748 1453 venti
769 1394 957 1468 vehementis3
983 1401 1012 1455 et
1026 1412 1111 1469 quam
1126 1397 1172 1455 hic
1187 1414 1272 1457 evan·

104 1500 212 1574 gelicns
236 1514 323 1558 sonus
342 1500 447 1575 passim
466 1501 564 1559 orbem
586 1504 729 1559 terrarum
745 1502 941 1575 commoverit,
965 1503 1143 1581 potissimum
1156 1504 1187 1561 ln
1202 1501 1274 1562 Ger-

104 1605 212 1678 mania,
235 1605 267 1663 in
290 1622 348 1679 qua
370 1603 415 1662 his
436 1606 614 1680 temporibus
638 1605 768 1677 pessimis
788 1605 975 1678 Evangelium
997 1607 1150 1681 praedicari
1175 1610 1272 1683 caepit

104 1711 175 1768 Item
200 1708 278 1782 quod
305 1710 422 1783 spiritus
450 1710 496 1769 hic
521 1728 579 1769 non
605 1711 692 1769 Petro
717 1711 770 1769 soli
795 1710 878 1770 datus
909 1712 961 1784 sit,
1001 1711 1052 1770 sed
1075 1712 1167 1785 quod,
1199 1716 1274 1773 sicut

105 1815 291 1888 Evangelista
305 1815 421 1888 indicat,
437 1833 525 1890 super
545 1832 644 1875 omnes
667 1816 792 1888 reliquos
814 1816 920 1889 linguae
936 1816 1095 1890 dispartitae
1110 1818 1178 1875 visae
1194 1824 1270 1878 sunt.

106 1921 252 1980 Praeterea
266 1921 356 1980 multa
369 1922 559 1981 observabilia
573 1921 736 1993 Masculus,
761 1921 892 1980 nucleum
908 1938 924 1980 e
939 1923 1046 1981 cortice
1066 1924 1272 1997 scripturarum

107 2042 219 2102 eruens,
235 2026 340 2086 docuit
378 2028 487 2087 Verum
501 2027 538 2086 ob
553 2028 690 2101 temporis
713 2027 862 2098 penuriam
878 2031 907 2085 et
922 2042 1070 2086 nnmerum
1085 2029 1272 2102 copiosiorem

106 2149 195 2208 mum,
211 2134 261 2207 qui
276 2132 313 2192 ad
328 2148 439 2191 sacram
459 2104 581 2204 synaxin
603 2131 745 2191 accessuri
761 2135 857 2204 erant,
880 2148 973 2190 sermo
998 2130 1184 2192 defalcandns
1199 2139 1271 2193 erat.

107 2236 276 2297 dccncione
290 2253 359 2297 uero
375 2236 403 2296 d.
414 2236 561 2296 Musonius
576 2235 797 2310 pulcherrimam
812 2241 841 2295 et
855 2236 1010 2297 christiano
1026 2238 1143 2297 doctore
1158 2237 1272 2311 dignam

105 2343 141 2402 'ad
156 2343 250 2403 altare
270 2358 368 2401 coram
389 2341 628 2403 communicandis
649 2341 810 2414 paraclesin
829 2342 860 2399 in
874 2341 1015 2401 monendo
1030 2342 1140 2402 hahuit.
1178 2342 1273 2428 Multa

109 2448 141 2508 de
155 2449 241 2522 hujus
257 2448 430 2507 sacrosancti
444 2447 573 2520 mysterii
587 2452 616 2504 et
627 2462 717 2504 coenae
732 2446 880 2505 dominica
896 2434 1075 2505 institutione
1091 2447 1126 2506 de
1142 2448 1204 2520 eJus
1218 2463 1272 2505 usu

108 2570 140 2613 ac
151 2554 192 2614 ad
205 2554 279 2613 hano
293 2552 508 2628 percipiendam
523 2530 586 2610 cum
600 2549 695 2609 fructu
709 2551 920 2625 praeparatione
939 2551 1092 2609 disserens.
1137 2551 1273 2624 lnquiens

108 2659 180 2719 inter
189 2663 314 2719 caeam:
352 2656 513 2716 Avocamus
529 2661 558 2716 ct
572 2655 769 2715 interdicimus
789 2655 842 2713 sibi
863 2671 966 2712 cavere
979 2656 1016 2713 ab
1031 2654 1085 2714 hac
1099 2671 1199 2714 mensa
1212 2672 1271 2715 om-

110 2778 170 2838 ncs,
186 2767 328 2838 quotquot
343 2762 370 2821 d.
387 2762 495 2822 Paulus
510 2761 547 2820 ab
562 2761 616 2820 hae
634 2761 728 2821 arceri
738 2761 838 2832 jussit,
855 2760 987 2818 nimirum
1007 2766 1196 2834 scortatores,
1220 2759 1272 2820 ad·

109 2869 228 2942 aeros,
255 2868 396 2941 ebriosos,
421 2867 535 2940 molles,
564 2882 667 2924 avaros
689 2871 743 2924 etc.
783 2866 839 2937 Qui
858 2864 997 2937 eJusmodi
1015 2871 1082 2924 sunt
1101 2882 1154 2924 nec
1173 2882 1272 2926 eornm

109 2973 239 3033 vitiorum
262 2978 406 3033 metanoea
427 2971 586 3042 ducuntur,
617 2971 717 3043 procul
740 2970 806 3028 hine
826 2975 905 3028 arcet
927 2971 1048 3029 ecclesia
1072 2976 1102 3028 ct
1116 2971 1272 3045 apostolus,

98 3079 190 3139 ·-nodo
204 3081 236 3139 in
249 3080 307 3138 hoc
320 3078 469 3153 proposito
482 3090 651 3148 permanere
661 3091 757 3133 secum
767 3077 912 3135 statuerit.
938 3077 987 3135 Sin
1002 3081 1098 3136 antem
1113 3076 1187 3134 mala
1201 3080 1273 3134 actae

110 3184 170 3244 alta
184 3188 222 3251 ex'
236 3183 324 3243 corde
339 3183 492 3254 poemteat,
514 3181 627 3239 ueniam
642 3197 659 3239 a
674 3179 737 3239 Deo
752 3182 910 3255 postulent,
927 3198 990 3239 cum
1005 3179 1111 3240 fiducia
1126 3182 1181 3239 huc
1195 3196 1274 3239 acce-

101 3261 183 3349 daut
206 3289 248 3348 Et
261 3293 449 3362 posteaquam
464 3286 693 3346 adhortationem
707 3286 830 3360 finierat,
855 3288 914 3346 alta
929 3304 997 3346 voce
1013 3285 1195 3346 exclamauit:
1217 3285 1273 3343 Ac·

113 3376 188 3456 eadat
200 3396 257 3455 huo
272 3394 381 3466 omnis,
410 3394 604 3466 cuiuscunque
627 3408 676 3452 cor
698 3393 828 3453 dominus
851 3393 962 3452 adhoc
982 3395 1077 3465 uocat,
1103 3390 1181 3464 quod
1195 3391 1274 3450 Deus

92 3552 95 3569 ,
110 3506 188 3583 pter
198 3501 288 3561 'nohis
302 3515 354 3574 per
368 3499 468 3558 Jesum
483 3498 628 3558 Christum
647 3497 736 3555 filium
757 3513 837 3556 suum
853 3498 927 3556 bene
941 3496 1076 3555 lortunet.
1114 3494 1276 3557 decedente

109 3602 192 3679 imur
206 3606 314 3682 populo
327 3605 475 3664 Masculus
491 3621 608 3677 panem,
632 3605 785 3677 symmista
800 3604 889 3676 ipsius
905 3602 1021 3660 cahcem
1036 3601 1197 3674 porrigunt.
1222 3602 1277 3672 Qui

98 3718 220 3772 'flauam
234 3712 402 3786 porrigebat
423 3709 577 3784 epopulo,
601 3711 667 3768 huic
690 3708 861 3767 eucharistia
880 3709 909 3764 in
929 3722 1044 3765 manum
1066 3706 1203 3778 dabatur,
1228 3706 1278 3777 qni

110 3823 274 3878 reverenter
287 3817 386 3889 patulo
403 3832 453 3875 ore
468 3815 635 3888 accedebat,
651 3815 717 3872 huic
732 3815 762 3870 in
777 3830 808 3872 os
824 3829 927 3887 panem
941 3812 1070 3869 minister
1085 3809 1208 3867 immisit.
1229 3810 1275 3866 In·

102 3916 189 4003 ¹altrea
204 3921 331 3980 'ecclesia
354 3920 479 3994 psalmos
499 3921 621 3980 canebat
644 3927 673 3979 et
695 3920 855 3994 passionem
876 3917 981 3976 Christi
1008 3916 1038 3972 in
1060 3911 1208 3985 rhythmos
1232 3914 1275 3971 di-

126 4104 131 4111 .
217 4072 225 4086 .
263 4006 337 4084 Post
358 4025 584 4084 communionem
602 4042 701 4084 rursus
721 4025 868 4083 Masculus
891 4022 989 4081 hahita
1010 4020 1139 4077 oratione
1163 4015 1277 4078 Christo

105 4116 220 4192 ¹domino
241 4147 295 4207 pro
317 4129 443 4205 acceptis
466 4127 613 4190 beneficiis
637 4131 746 4204 gratias
766 4129 825 4202 egit
846 4134 952 4186 etcum
975 4121 1173 4184 benedictione
1188 4124 1277 4183 eccle·
