2678 4546
639 70 681 136 ⁴1

160 253 229 314 Vidi
243 259 274 314 et
287 253 364 315 redes
378 255 450 329 ejus,
466 267 551 327 quem
564 253 595 311 in
608 252 767 314 Brabautia
780 255 866 329 novi,
891 254 993 317 Jacobi
1007 256 1164 331 ilogsteter
1177 258 1243 319 olim

71 358 280 433 opulentissimi
299 360 409 434 utique,
426 358 475 433 qui
490 374 554 416 oum
569 373 621 417 suo
636 358 769 419 sodalitio
785 360 852 419 olim
867 361 966 420 Roma
982 360 1101 422 bancam
1116 364 1162 442 (ut
1176 362 1242 424 bar·

70 464 134 523 bari
150 462 267 540 vocant)
290 466 429 539 tenuerit,
454 463 707 523 nummulariorum
728 470 758 523 et
771 463 978 526 foeneratorum
999 484 1057 527 non
1072 474 1242 541 postremus.

71 570 143 642 Qnae
158 575 255 629 tamen
277 568 345 630 dum
365 570 458 630 Romo
480 569 577 629 Caroli
598 569 737 630 Borbonii
757 571 845 631 ductu
868 572 948 649 (licet
971 574 1033 648 ipse
1048 572 1168 634 Carolus
1185 577 1244 635 ictu

71 674 146 734 aenei
160 674 296 749 tormenti
319 678 386 734 aute
410 672 512 733 urbem
531 672 663 747 perierit)
679 681 903 750 oppugnaretur,
925 694 1026 737 eversa
1045 676 1098 738 luit
1112 686 1143 739 et
1156 696 1242 755 pecu·

70 778 299 838 nissamilitibus
309 778 463 838 disuactae.
487 778 650 838 lsJacobus
665 787 695 839 et
709 797 768 839 suae
778 783 864 841 sortis
878 781 1015 857 homines,
1030 800 1105 843 nunc
1118 790 1148 845 et
1161 785 1243 845 bouis

70 890 100 944 et
115 885 201 944 domo
216 885 310 958 cessit,
330 882 419 943 adeo
434 882 470 943 ad
486 884 589 956 stipem
605 884 749 959 redactus,
772 894 805 945 ut
819 887 855 946 ob
871 903 910 946 ιιι
925 887 1050 947 alienum
1071 894 1101 947 et
1113 904 1243 951 carceres

73 995 102 1050 et
112 1007 212 1050 rernm
224 1004 339 1049 marum
349 987 563 1049 distractionem
572 1006 675 1064 passus
684 993 731 1050 sit.
755 990 940 1051 Devorarnnt
951 998 1046 1052 autem
1058 999 1088 1052 et
1095 995 1170 1053 hunc
1177 996 1243 1055 har·

71 1097 159 1172 pigiae
169 1093 375 1159 foeueratorum
383 1094 520 1169 Fuggeri.
543 1095 662 1154 Iliscine
671 1094 793 1156 fortunae
803 1096 886 1157 ludus
895 1104 939 1156 est
949 1104 978 1156 et
987 1099 1138 1158 bremundi
1151 1101 1242 1162 vices!

161 1199 273 1277 Eadem
291 1199 495 1273 wandelinus,
520 1199 625 1259 Fissus
648 1206 678 1259 et
698 1201 839 1261 Melchior
852 1202 1072 1263 Atrebateusem
1088 1221 1106 1264 a
1120 1205 1243 1280 prandio

69 1307 179 1380 alloqui
194 1304 336 1380 abierunt,
352 1309 492 1379 petentes,
508 1309 541 1363 ιι
555 1320 642 1363 causa
656 1311 755 1364 nostra
769 1314 995 1380 promoveretur.
1024 1308 1080 1381 Qui
1093 1310 1244 1385 respondit

68 1428 100 1472 se
114 1411 214 1472 omnia
227 1408 413 1470 libentissime
429 1424 561 1469 ooesareae
577 1411 720 1483 majestati
735 1416 929 1487 narreturum,
945 1412 1031 1485 idque
1045 1415 1092 1473 vel
1106 1415 1242 1489 crastino,

68 1516 115 1577 vel
129 1512 279 1592 perendie.

159 1620 286 1680 Domine
300 1619 380 1694 Jesu,
404 1619 454 1693 qui
468 1618 564 1694 hodie,
586 1620 649 1680 heri
664 1625 693 1679 et
708 1621 738 1679 iu
752 1622 850 1681 secula
865 1638 904 1696 es,
921 1623 968 1697 da,
985 1621 1075 1682 donec
1087 1622 1117 1681 in
1130 1621 1185 1681 hoc
1199 1622 1241 1680 vi·

30 1802 35 1808 ,
70 1735 107 1787 ιι
122 1726 269 1786 curriculo
282 1740 393 1799 sumus,
414 1724 467 1784 tibi
481 1740 534 1783 uos
548 1724 645 1798 inuiti,
671 1741 690 1784 ι
703 1729 733 1784 te
748 1728 809 1787 solo
833 1727 909 1788 bona
928 1732 1031 1786 cuncta
1049 1742 1176 1800 sperare,
1192 1728 1243 1801 qui

70 1822 122 1890 tibi
146 1831 205 1907 ipsi
230 1830 376 1890 dimiuilis
395 1845 459 1889 esse
483 1845 623 1902 nusquam
647 1836 739 1903 potes.
792 1830 837 1890 De
860 1833 974 1891 interim
1002 1835 1098 1891 autem
1125 1847 1203 1890 nnnc
1223 1847 1243 1890 ι

71 1936 167 2011 sophis
182 1934 271 2008 hujus
281 1933 381 1994 muudi
396 1935 566 2009 excogitato,
582 1940 623 2009 tu,
640 1936 689 2007 qui
704 1951 735 1994 es
750 1938 892 2009 sapientia
905 1936 1005 2010 patris,
1021 1936 1128 1994 statuet
1144 1936 1244 1997 Sciant

72 2046 185 2114 gentes,
201 2038 281 2113 quod
290 2038 370 2098 Deus
385 2045 437 2099 est.
461 2039 496 2098 Id
509 2045 538 2099 te
552 2055 687 2114 rogamus
701 2057 754 2113 per
767 2042 997 2113 tuammetipsam
1011 2040 1176 2115 bonitatem,
1192 2042 1242 2115 qui

73 2145 141 2204 vivis
156 2151 189 2204 et
202 2160 309 2217 regnas
322 2160 386 2204 cum
400 2144 464 2205 Deo
478 2150 563 2219 patre
584 2146 616 2202 in
632 2146 741 2204 unitate
757 2144 885 2217 ejusdem
904 2147 1021 2218 spiritus
1045 2146 1137 2204 saneti
1151 2145 1241 2220 Deus,

73 2266 121 2322 per
135 2250 233 2310 onmia
247 2251 343 2309 secula
357 2250 525 2309 seculorum.
549 2249 650 2308 Amen.

156 2354 290 2414 Vidimus
312 2354 393 2430 apud
411 2354 553 2416 loannem
573 2353 751 2414 Fridericum
773 2370 869 2414 senem
891 2355 1054 2429 capularem
1074 2370 1166 2413 annos
1189 2353 1240 2411 eli·

76 2460 238 2519 mactericus
248 2460 310 2534 iam
323 2459 431 2520 dudum
445 2463 591 2534 agentem,
614 2460 664 2532 qui
678 2459 821 2532 barbyton
835 2464 971 2534 tangens,
996 2461 1059 2533 ipse
1075 2458 1177 2531 quovis
1195 2457 1242 2517 vel

75 2562 172 2635 iuvene
187 2562 321 2625 saltando
336 2569 366 2624 et
379 2563 500 2624 choreas
514 2562 644 2623 ducendo
659 2563 769 2637 agilior.

78 2670 87 2697 '
159 2668 294 2729 Goenavit
307 2668 454 2729 nobiscum
468 2670 539 2729 baro
554 2668 590 2726 de
605 2667 865 2741 Schwartzenberg,
882 2667 1023 2726 Frideriei
1037 2664 1121 2725 filim.

158 2775 248 2848 xxviij
264 2775 371 2848 Aprilis
385 2775 417 2833 in
431 2774 562 2834 coenobio
576 2776 718 2833 minorum
733 2773 861 2832 concioni
876 2788 965 2833 socrae
980 2769 1170 2846 interfuimus,
1193 2771 1243 2830 ubi

80 2878 168 2938 senior
182 2878 301 2953 quidem
315 2880 467 2955 presbyter
482 2895 642 2938 sermonem
658 2894 693 2937 ex
708 2894 769 2951 cap.
790 2881 828 2936 17
844 2878 964 2937 loannis
985 2877 1177 2951 Evangelistae
1191 2876 1242 2935 ha·

79 2981 141 3059 buit,
158 3000 314 3060 exponens,
332 2983 402 3057 quid
415 2983 549 3061 mundus,
566 2985 615 3057 qni
634 2986 703 3043 item
723 2986 779 3043 sint
798 2985 834 3044 de
849 2985 963 3044 mundo.
1002 2987 1074 3044 Item
1089 2984 1125 3043 de
1139 3001 1241 3058 preca-

78 3089 149 3151 tione
164 3089 275 3150 christi
288 3106 343 3165 pro
357 3089 509 3149 credituris
524 3105 578 3163 per
592 3089 752 3149 doctrinam
767 3090 974 3164 apostolorum,
996 3095 1025 3148 et
1039 3094 1072 3148 ut
1094 3090 1160 3149 hino
1173 3105 1240 3149 con·

78 3195 242 3255 mistionem
260 3195 291 3255 in
311 3192 513 3255 afflictionibus
537 3195 666 3267 arripere
689 3195 863 3269 studeamus,
885 3202 917 3253 ut
930 3197 954 3252 si
969 3195 1015 3253 vel
1030 3211 1048 3253 ι
1064 3194 1200 3267 Sathena,
1224 3211 1242 3254 a

77 3300 179 3361 mundo
193 3300 241 3359 vel
255 3314 342 3359 carue
356 3303 509 3372 tentemur,
525 3298 563 3358 ad
577 3299 650 3356 hane
671 3298 786 3356 Domini
808 3301 966 3359 orationem
981 3305 1011 3357 et
1024 3314 1075 3358 cor
1090 3304 1119 3357 et
1133 3299 1242 3359 animos

79 3409 229 3477 vertamus,
243 3404 403 3463 recolentes
418 3403 564 3462 nobiscnm
580 3419 632 3462 nos
647 3419 705 3461 non
720 3403 814 3462 deseri
829 3420 847 3462 a
861 3403 933 3477 Deo,
957 3406 1056 3477 utique
1070 3422 1123 3477 pro
1139 3404 1242 3477 quibus

74 3507 145 3569 ilius
165 3510 216 3568 ille
236 3508 416 3583 unigenitus,
442 3509 491 3582 qui
515 3509 592 3568 solus
616 3509 653 3568 ob
676 3509 866 3567 reverentiam
886 3509 1037 3568 exauditus
1058 3514 1115 3583 est,
1139 3511 1241 3569 oravit.

75 3613 203 3674 Habetur
227 3616 325 3672 autem
345 3612 409 3671 lsteo
431 3613 529 3672 concio
552 3616 603 3673 ιιι
622 3613 719 3687 aliqua
741 3614 827 3686 hujus
849 3614 949 3673 similis
970 3616 1045 3672 inter
1068 3619 1200 3687 quartam
1213 3619 1243 3672 et

75 3720 199 3790 quintam
213 3719 311 3793 hom,
338 3733 395 3790 quo
409 3716 518 3776 familia
533 3718 619 3776 etiam
633 3719 722 3778 verbo
738 3718 843 3776 domini
859 3720 938 3793 pasci
951 3726 1056 3793 posset.
1096 3718 1178 3790 Quod
1192 3732 1242 3790 qe·

76 3838 125 3882 uus
140 3823 289 3883 homiuum
302 3822 410 3883 Bavari
425 3828 454 3881 et
468 3822 553 3882 Saevi
578 3838 631 3880 sua
645 3824 743 3895 lingua
757 3821 813 3881 Die
828 3823 1010 3882 Ehehaltenn
1030 3828 1143 3892 vocant,
1166 3819 1244 3878 velut

78 3943 121 4003 ser
134 3942 259 4002 qnorum
274 3942 380 4001 operas
394 3943 442 3986 res
457 3927 679 3986 matrimoniales
695 3932 724 3986 et
738 3929 911 4002 adjuventur
935 3934 964 3985 ct
979 3932 1115 3984 curentur
1129 3925 1242 3984 nomine

79 4033 114 4110 [ut
128 4034 199 4093 mihi
214 4029 330 4107 videor)
345 4032 510 4092 honestiore
525 4048 611 4106 quam
626 4048 772 4090 servornm
782 4038 812 4091 et
818 4047 965 4092 servarum
980 4045 1059 4088 more
1074 4034 1243 4090 nostratum.

155 4138 271 4199 Eadem
292 4137 424 4199 comitem
443 4137 625 4198 Wilhelmum
646 4154 664 4196 ι
682 4136 798 4199 Nasson
819 4135 1026 4209 invisebamus,
1050 4149 1115 4193 com
1137 4151 1194 4210 qno
1214 4141 1245 4196 ιι
