2678 4546
111 251 170 295 non
181 235 284 296 inseite
297 231 429 294 dominus
443 232 480 293 de
493 232 608 306 anwy,
622 232 673 305 qni
688 231 882 307 hippodromo
896 235 928 291 et
938 230 1023 310 equis
1036 232 1156 292 suurn
1170 236 1286 306 preest,

111 341 229 415 ditent,
252 355 369 399 necesse
384 354 448 399 esse
462 336 625 396 Germanis
644 339 803 412 superioris
823 336 946 396 feminas
967 339 1054 412 longe
1072 338 1140 413 plus
1158 338 1288 398 sordium

112 462 197 519 quum
211 445 403 505 Brebantinas
418 450 469 502 aut
482 441 627 502 inferioris
642 441 805 502 Germanice
819 440 941 502 feminas
955 443 1137 503 contrahere.
1166 441 1287 502 Gnidum

112 556 208 610 autem
228 567 343 609 causam
364 551 556 624 interroganti
576 548 742 624 rospondit,
764 548 812 607 lroe
829 547 892 608 lere
911 548 1033 622 singulis
1051 547 1154 608 diebus
1178 547 1288 608 hdneis

113 672 184 729 opus
199 656 319 730 hebent,
335 662 442 715 nostrae
456 657 506 714 vix
519 657 607 715 semel
621 662 672 716 aut
685 654 730 713 bis
744 655 776 713 in
791 670 868 714 anno
883 654 982 714 laram
996 669 1131 729 corpora.

201 760 310 820 Eadem
331 760 518 820 Balthasarus
542 761 579 822 ab
602 758 800 833 Entsenberg,
829 775 904 819 uxor
924 763 956 818 et
976 775 1068 818 nurus
1095 775 1150 818 sua
1173 757 1288 818 domum

113 867 224 940 abiere,
240 867 444 939 expectabatur
459 872 489 926 et
503 871 596 926 mater
611 864 719 925 domini
733 881 751 924 a
766 861 946 924 Wildenfela.

202 972 265 1032 Hac
289 972 336 1030 die
357 973 433 1030 siem
453 976 484 1030 et
504 971 623 1045 singulis
642 969 801 1030 mbsthinis
824 969 925 1030 diebus
949 969 1086 1030 nundinae
1106 969 1289 1030 liudelstadii

114 1081 206 1136 erant.
237 1077 293 1135 Hic
308 1077 369 1136 dies
384 1081 503 1135 octavus
518 1081 590 1148 erat,
605 1075 685 1148 quod
697 1090 753 1148 pro
767 1074 909 1135 habendis
922 1077 1005 1150 equis
1019 1077 1051 1135 in
1064 1076 1192 1151 petriam
1205 1076 1288 1135 misc-

114 1197 225 1254 ramus‚
241 1180 294 1241 sed
308 1181 403 1242 adhuc
416 1196 585 1255 responsum
600 1185 776 1255 expectatur.

203 1287 282 1345 Nota
301 1285 338 1346 de
360 1286 474 1346 ducissa
494 1287 593 1346 clivis
612 1287 757 1347 eomitissa
774 1287 806 1344 in
821 1285 1055 1361 solvuntur,
1078 1302 1144 1361 que
1167 1287 1208 1348 ob
1227 1287 1288 1361 pia·

116 1391 209 1450 culum
223 1391 254 1448 in
268 1392 402 1451 maritum
416 1393 598 1452 commissum
611 1391 792 1452 Rudelstadii
813 1391 844 1450 ln
859 1405 975 1450 earcere
994 1396 1145 1451 asservata
1164 1392 1206 1453 ad
1219 1399 1289 1452 tem·

116 1512 170 1570 pus
184 1495 300 1569 aliquod
314 1512 349 1555 ue
361 1497 479 1557 tandem
492 1499 523 1557 in
537 1497 699 1558 coenobium
708 1497 899 1586 mmtatense
912 1497 1034 1572 intrusa,
1050 1498 1081 1556 in
1097 1513 1156 1572 quo
1172 1503 1204 1557 et
1216 1497 1290 1558 diem

117 1601 221 1662 elausit
235 1607 401 1662 extremum.
425 1604 495 1663 Fuit
508 1608 605 1664 antem
619 1603 683 1664 hae
697 1605 795 1665 stavia
808 1616 908 1663 socrus
923 1607 1040 1662 nostres.

207 1705 400 1769 Cranichleldt
414 1715 447 1769 et
457 1709 682 1783 Blanolnenhayn
702 1725 784 1770 erues
804 1714 872 1767 sunt
886 1707 984 1768 Geruli
998 1711 1028 1767 et
1044 1706 1221 1782 sigismundi
1234 1707 1292 1769 ira·

117 1817 194 1871 trum
208 1830 227 1871 a
241 1811 389 1875 Gleiehen.

205 1917 317 1978 Eadem
338 1918 471 1994 quidam,
493 1920 543 1993 qni
563 1920 631 1978 olim
652 1919 774 1979 Alberto
797 1919 892 1980 comit
914 1935 934 1979 s
953 1917 1152 1980 Munsfeldta
1175 1918 1293 1978 secret

118 2019 229 2099 fuerat,
258 2023 474 2085 Rudslstadium
493 2025 607 2084 litteras
632 2024 880 2086 commendaticias
903 2039 999 2084 seeum
1025 2029 1186 2101 apportans
1208 2021 1292 2096 vonit,

117 2129 235 2202 cupiens
249 2131 280 2187 iu
294 2127 464 2191 famulitium
478 2129 602 2190 domine
616 2145 716 2191 socrus
735 2130 838 2206 recipi,
859 2144 959 2191 rerum
973 2129 1005 2190 id
1018 2112 1125 2191 multus
1139 2130 1180 2189 ob
1193 2142 1294 2190 causas

119 2231 184 2293 lieri
198 2234 345 2307 nequibat.

208 2339 352 2399 Reversus
367 2343 411 2397 est
425 2337 525 2398 eadem
546 2343 575 2399 et
590 2338 735 2399 Adrianus
754 2346 853 2401 noster
872 2340 909 2400 ab
923 2341 1057 2415 Augusta
1071 2339 1293 2411 vindelicorum,

119 2442 231 2502 litteras
247 2459 265 2501 e
282 2443 437 2504 llelchiore
451 2443 554 2504 Lindie
575 2443 718 2518 reterens,
741 2446 790 2518 qui
804 2447 908 2520 sejam
922 2449 1011 2506 tertio
1026 2446 1065 2506 ed
1085 2463 1131 2506 me
1147 2447 1294 2521 scripsisse

120 2552 319 2623 conqueritur,
341 2566 403 2608 eum
418 2565 491 2610 unes
505 2555 618 2608 tentum
632 2549 746 2609 litteras
761 2553 822 2625 ejus
837 2554 1040 2626 acceperimus.

207 2653 406 2715 attrebatensis
427 2655 538 2716 nobiles
557 2654 709 2714 comitatus
728 2655 870 2716 Waldeek
890 2658 920 2716 in
941 2658 1047 2717 litteris
1067 2656 1177 2716 nostris
1197 2656 1293 2716 remis·

121 2758 204 2817 soriis
219 2758 371 2819 excludere
386 2767 516 2820 conatur.

210 2862 357 2923 Muscnlus
378 2865 509 2939 Augusta
530 2864 640 2925 duobus
662 2865 857 2938 stipendiariis
873 2866 952 2926 urbis
975 2868 1068 2943 ipsum
1094 2866 1292 2928 comitantibus

122 2964 260 3027 discessit.
299 2969 328 3027 Is
342 2970 422 3043 cuius
437 2970 503 3030 coeli
518 2976 586 3030 sunt
600 2977 630 3030 et
643 2976 723 3029 terra
744 2972 788 3030 sui
804 2986 901 3031 euram
921 2988 1007 3046 agere
1029 2971 1176 3046 dignetur.
1213 2972 1292 3031 Viees

122 3072 246 3132 Musculi
267 3074 394 3134 ioannes
413 3075 555 3135 Hernicus
576 3076 703 3149 supplet,
727 3089 782 3134 nee
799 3076 824 3135 is
847 3075 961 3151 quidem
980 3074 1107 3139 infidelis
1128 3079 1177 3137 vel
1201 3090 1291 3137 socors

122 3179 202 3239 verbi
217 3177 305 3239 divini
321 3186 350 3238 et
363 3181 565 3252 mysteriorum
581 3179 764 3254 dispensator
779 3187 832 3241 est.

212 3284 282 3341 Post
297 3285 451 3345 discessum
468 3291 597 3345 nostrum
618 3284 656 3345 ab
670 3285 801 3359 Auguste
816 3285 988 3347 Franciscus
1007 3287 1177 3362 aDalrriglr
1195 3301 1290 3348 uouer-

124 3401 187 3444 cam
200 3389 274 3459 petit
287 3389 404 3463 cupiens
419 3396 452 3450 ut
465 3391 550 3464 hujus
565 3390 685 3448 consilio
699 3392 790 3463 possit
805 3408 849 3450 me
863 3393 939 3466 apud
948 3406 1105 3452 eaesaream
1118 3395 1289 3467 majestatem

124 3506 268 3551 eccusare.
308 3495 414 3554 Verum
428 3495 491 3554 haee
505 3495 551 3554 vel
565 3497 653 3554 semel
667 3510 777 3554 memor
791 3511 822 3554 se
837 3498 996 3572 genitorem
1009 3513 1105 3558 meum
1120 3498 1151 3557 in
1167 3497 1289 3557 maritum

124 3594 273 3672 habuisse,
298 3598 352 3658 hoc
370 3599 481 3660 facinus
504 3601 654 3673 dissuasit,
679 3599 776 3659 dicens
796 3607 829 3659 ut
846 3602 1033 3663 volubilitatis
1055 3601 1183 3663 iormnae
1205 3614 1289 3661 mooe

125 3701 257 3777 daretur,
282 3720 349 3762 nam
363 3721 461 3764 rerum
480 3706 555 3766 vices
578 3721 641 3764 esse
657 3710 686 3764 et
705 3721 750 3764 me
764 3706 919 3779 aliquando
939 3714 972 3768 ut
992 3708 1139 3768 dominum
1162 3723 1242 3767 snum
1254 3703 1289 3763 ill

124 3806 188 3866 haec
202 3808 231 3866 in
246 3809 338 3869 sinum
353 3826 436 3869 suum
450 3809 574 3870 reddere
588 3826 682 3885 posse.
722 3810 901 3884 Conquestus
921 3818 965 3872 est
982 3812 1058 3873 idem
1073 3828 1105 3873 se
1118 3814 1176 3874 lroe
1189 3807 1288 3887 negocii

125 3911 209 3972 fratri
230 3931 282 3973 suo
304 3914 415 3975 Jodoeo
436 3915 610 3989 injunxisse,
634 3932 733 3976 verum
754 3917 829 3975 hune
851 3933 914 3977 cum
936 3917 1106 3978 Marchione
1125 3915 1289 3978 Albertoit

127 4015 273 4077 Prussiam
288 4021 401 4080 abiisse.
425 4021 492 4080 Non
506 4027 602 4080 tamur
617 4021 769 4080 intermisit
783 4022 830 4080 hic
847 4022 939 4082 bonus
953 4023 999 4083 vir
1013 4022 1125 4095 aliquid
1139 4022 1218 4097 apud
1231 4035 1287 4081 eou-

124 4120 250 4182 siliurios
263 4126 447 4202 imperatoris
466 4141 502 4188 ec
516 4126 670 4187 dominum·
680 4125 716 4188 de
730 4126 811 4202 Lyra
829 4142 864 4191 ae
877 4129 951 4192 ulios
969 4131 1094 4191 tentare.
1131 4127 1192 4191 Sed
1204 4127 1240 4190 nb
1252 4124 1287 4184 ha
