2678 4546
128 226 259 284 oratione
268 223 413 297 ponnooni
420 221 497 281 illius
508 221 675 296 erungeliei,
688 218 798 278 silioet
812 215 911 278 »Deus
920 218 1062 293 propitius
1075 219 1139 276 esto
1151 213 1223 273 milii
1235 228 1296 290 poe

127 333 248 390 notem«
279 329 351 388 Post
364 328 427 388 inec
437 330 521 400 jussu
534 325 641 385 christi
654 332 685 384 et
699 325 831 398 exemplo
844 323 1041 398 apostolorum
1053 321 1207 381 admonuit
1219 321 1296 381 obse

126 437 271 494 annones
285 448 338 509 pro
352 433 483 493 omnibus
498 433 641 492 lominum
655 430 805 491 ordinibus
819 427 897 500 lieri,
919 432 985 500 post
999 428 1061 484 neoc
1073 443 1111 485 ex
1125 428 1237 500 scripto
1250 441 1295 486 no

127 541 204 598 minu
227 555 325 597 eornm
343 537 487 610 reterens,
513 538 561 610 qni
581 537 792 595 matrimonium
813 536 888 592 inire
909 532 1104 590 commossem
1125 546 1160 591 ee
1182 548 1239 606 pro
1259 531 1298 591 uls

127 643 304 703 intercedere
323 642 436 716 jubens.
476 641 590 701 Deinde
612 640 775 715 entnlogum
795 639 893 697 morbo
915 636 1108 696 laborantium
1127 637 1225 710 etqui
1239 653 1297 696 orn·

127 751 233 808 tionem
248 749 374 807 ecclesie
395 749 595 822 expetiissent,
620 746 767 818 recitavit,
790 746 832 803 itu
851 755 883 803 nt
903 746 1098 816 uniuscunque
1116 743 1183 814 qun
1204 742 1297 803 eondi-

127 855 212 912 tionis
232 861 308 913 esset
329 831 492 926 indicum(
507 853 670 925 suppressis
690 859 786 910 lernou
808 849 976 908 nominibus
1015 846 1144 907 Oollemn
1163 855 1195 907 et
1216 849 1297 909 bene

126 958 248 1019 dictione
257 959 357 1034 populi
365 956 489 1017 officinm
497 972 581 1015 sunm
589 958 614 1014 is
624 957 775 1015 absolvens
789 955 910 1014 umbone
925 954 1064 1013 ‹lisoessit
1088 953 1160 1013 Post
1173 954 1238 1014 liaee
1251 955 1296 1013 do

125 1065 202 1122 mino
216 1064 348 1123 Musenlo
363 1063 471 1137 grndus
485 1059 659 1120 ostendente
678 1061 799 1119 ecclesie
818 1061 894 1118 enuit
915 1059 1049 1133 hymnum
1068 1059 1105 1117 cle
1119 1059 1298 1119 iniunctione

127 1169 248 1243 Spiritus
269 1168 383 1238 Sancti,
416 1184 473 1240 quo
495 1165 577 1225 finito
599 1165 745 1223 Musonius
772 1165 879 1239 populo
903 1165 1033 1237 spiritum
1056 1163 1111 1222 Dei
1134 1162 1242 1223 bonurn
1265 1161 1296 1224 nd

126 1273 299 1333 audiendum
314 1287 377 1331 cnm
393 1270 489 1332 fructu
510 1269 628 1331 uerbum
651 1273 740 1345 ipsius
763 1271 936 1344 imprecetus
950 1271 1109 1328 orationem
1131 1267 1297 1330 dominicum

129 1393 213 1437 ornre
225 1379 324 1451 jussit,
345 1378 465 1451 ipsemet
479 1377 589 1452 prolixe
609 1392 704 1436 orens.
744 1375 814 1434 Post
827 1375 858 1434 ii
873 1372 949 1434 idern
963 1374 1094 1434 dominns
1110 1372 1297 1448 Wolfgungus

127 1484 266 1557 exenpite
274 1483 334 1555 xiiij
343 1482 534 1543 Jounnisliaee
544 1480 632 1541 veron
646 1482 729 1554 legit:
749 1481 824 1553 »Qui
836 1479 924 1540 hebet
934 1479 1070 1540 minuto
1083 1494 1149 1539 mee
1161 1486 1193 1539 et
1207 1487 1298 1541 serunt

128 1603 173 1663 en,
189 1588 237 1647 ille
253 1594 305 1661 est,
323 1590 372 1660 qui
387 1588 480 1662 diligit
495 1604 554 1662 me,
570 1602 660 1660 usqne
675 1584 713 1645 ud
728 1587 801 1646 liene
816 1586 979 1661 periodum:
1003 1586 1074 1644 llaec
1088 1585 1228 1657 loquutus
1242 1600 1297 1645 sun

127 1693 238 1766 vobis«,
256 1692 400 1754 disserens
413 1694 450 1752 de
465 1692 604 1767 dignitate
619 1693 769 1751 uerborum
778 1689 893 1764 Christi,
911 1690 947 1750 de
962 1689 1219 1750 differentinJudoe
1228 1692 1297 1750 Iseo·

127 1801 209 1860 riotis
223 1800 389 1858 mereatoris
405 1805 436 1858 et
449 1797 533 1857 Judne
548 1797 667 1857 Thedaei
683 1797 794 1856 oordnti
811 1793 974 1856 confitentis
989 1794 1127 1869 Domino,
1152 1797 1199 1855 rel
1213 1794 1296 1856 confi·

127 1911 189 1965 tens
204 1905 367 1964 Dominum.
402 1904 446 1964 De
460 1902 581 1978 simplic-i
595 1902 822 1975 interrogatione
835 1901 933 1975 indie,
950 1908 979 1960 et
995 1916 1031 1958 ne
1046 1916 1098 1959 nos
1114 1901 1296 1977 miremort
1335 1915 1337 1924 ¹

126 2026 184 2069 non
208 2011 296 2068 semel
309 2014 397 2083 etque
417 2010 521 2067 iterum
534 2007 634 2067 sonito
654 2008 742 2068 verbo
763 2022 830 2066 mox
845 2006 950 2066 Christi
964 2014 1087 2067 mentem
1101 2022 1296 2080 consequemur,
1334 2032 1337 2058 ι

126 2115 177 2174 sod
193 2116 316 2174 orotioni
331 2091 484 2185 instemus,
509 2121 541 2172 nt
556 2113 695 2172 Dominus
711 2111 794 2173 nobis
815 2128 929 2172 sensum
947 2114 1062 2186 eperiut
1081 2117 1112 2171 et
1126 2110 1295 2172 intellectum

126 2219 183 2279 det.
223 2221 294 2278 Item
314 2218 350 2276 de
371 2217 566 2288 inaequnlitnte
585 2217 689 2275 divinae
709 2225 739 2274 et
753 2217 884 2275 humenoe
905 2218 1084 2278 conditionis.
1123 2218 1198 2277 Item
1218 2232 1296 2292 quun

16 2400 19 2406 .
127 2339 230 2398 magne
245 2324 281 2381 sit
296 2322 446 2394 promissio
462 2321 532 2394 hee,
548 2320 625 2395 qnod
637 2330 721 2396 peter
736 2328 765 2380 et
777 2322 839 2394 ipse
851 2329 993 2381 montem
1008 2323 1066 2380 sint
1080 2320 1296 2382 redemntnriot

126 2429 299 2489 mansionem
313 2426 391 2500 apud
406 2427 481 2486 hunc
505 2425 599 2487 fecere
620 2426 721 2498 relint;
746 2429 813 2485 item
835 2425 912 2498 qnod
927 2428 957 2484 in
972 2429 1026 2486 lioc
1040 2442 1097 2486 uno
1117 2443 1188 2487 vern
1208 2430 1297 2488 unitus

126 2542 155 2595 et
169 2532 320 2594 concordie
334 2534 411 2592 inter
425 2533 518 2592 Donni
533 2539 563 2592 et
576 2532 719 2592 hominem
734 2531 886 2604 consistet,
903 2536 936 2589 ut
949 2532 1034 2590 homo
1049 2529 1106 2590 tide
1121 2533 1243 2593 verbum
1256 2548 1296 2593 rt·

125 2641 213 2714 cipiet
230 2645 304 2698 etse
320 2638 384 2698 Deo
400 2639 477 2714 putri
492 2644 521 2697 et
535 2637 595 2698 lilio
610 2654 662 2712 per
677 2637 816 2711 spiritum
832 2638 860 2696 S.
877 2637 1033 2710 regendum
1048 2638 1207 2710 permittet.
1232 2641 1297 2700 Item

125 2745 161 2802 de
178 2746 278 2802 innata
299 2743 407 2801 homiui
422 2743 570 2815 superbie,
595 2743 683 2815 quisi
699 2742 744 2801 vel
764 2741 907 2800 tantillum
928 2743 1037 2800 honore
1052 2743 1098 2800 vel
1117 2738 1221 2817 opibus
1240 2745 1299 2803 oilli

126 2847 284 2921 precellat,
301 2864 358 2905 non
375 2853 470 2919 potest
484 2863 515 2905 se
530 2863 565 2906 eo
580 2845 740 2918 demittere,
757 2850 789 2905 ut
804 2862 834 2905 se
849 2852 991 2906 ornantem
1007 2849 1051 2906 vel
1067 2848 1204 2922 pusillum
1218 2850 1297 2911 redt-
1335 2841 1337 2861 ³

126 2957 183 3009 met
202 2958 232 3010 et
247 2968 303 3011 non
325 2957 502 3025 contemnet,
528 2951 593 3011 Uud
614 2967 671 3010 nes
692 2951 764 3010 doeh
785 2951 837 3012 der
852 2968 903 3011 ror
918 2953 963 3010 ein
979 2967 1075 3011 nrmer
1089 2952 1229 3015 Mensohe
1251 2952 1297 3024 sci,

126 3056 177 3116 der
198 3055 272 3128 den,
296 3074 351 3115 von
365 3056 431 3114 dem
445 3055 497 3114 ehr
512 3056 634 3130 geliebet
648 3058 720 3130 uirt,
737 3057 815 3116 nicht
828 3056 935 3116 widder
946 3058 1024 3117 liebt.
1048 3057 1120 3116 ltem
1136 3057 1216 3131 qnod
1224 3057 1298 3119 Dein

126 3177 183 3220 non
199 3170 384 3234 tyrannorum
399 3177 479 3220 moro
501 3160 538 3220 cd
553 3177 584 3220 se
601 3161 791 3222 confitendum
807 3168 837 3221 et
852 3162 1005 3221 uniendum
1020 3160 1099 3220 ferro
1122 3169 1153 3223 et
1167 3165 1197 3222 vi
1211 3163 1296 3224 homi·

127 3284 178 3327 nes
200 3266 311 3340 adiget,
336 3267 388 3325 sed
410 3281 496 3339 quern
518 3267 677 3342 benigniter
693 3283 760 3326 suos
774 3267 891 3327 alliciet.
930 3269 1001 3326 ltem
1017 3283 1103 3339 quum
1124 3283 1225 3326 cerum
1239 3267 1297 3328 Doo

125 3372 262 3447 templum
287 3372 324 3429 sit
345 3373 382 3444 is,
407 3372 457 3444 qni
477 3373 594 3432 verbnm
615 3372 731 3432 Domini
752 3373 864 3432 sineere
882 3371 939 3431 fide
958 3372 1086 3445 recipiet.
1130 3373 1219 3432 Hune
1240 3386 1298 3433 ortt

125 3475 215 3535 edem
230 3491 356 3550 auream,
371 3474 446 3534 hunc
461 3492 524 3537 esse
539 3493 607 3536 vero
623 3476 692 3537 illud
708 3477 854 3536 vesculum
871 3477 916 3553 (nt
926 3479 1011 3551 vulgo
1021 3475 1190 3552 loquuntur)
1208 3493 1295 3538 suoru·

125 3582 213 3641 menti
226 3583 478 3641 conseruatorimn.
517 3581 625 3656 Mngno
645 3582 719 3640 enim
741 3588 771 3640 et
785 3583 911 3654 expolite
932 3583 1084 3656 plinlerntu
1098 3582 1236 3643 mnndum
1250 3582 1293 3643 dn·
1334 3590 1337 3595 '

125 3693 197 3746 rent.
222 3686 301 3746 Deus
315 3686 372 3747 lide
388 3694 418 3746 et
432 3687 518 3746 eorde
534 3703 620 3760 puro,
638 3703 694 3745 uon
710 3687 799 3745 multo
814 3687 956 3746 exteriore
972 3693 1074 3746 ornntn
1090 3688 1207 3760 gnudet.
1231 3688 1294 3748 lun
1314 3742 1318 3747 .

124 3792 201 3865 qnod
215 3792 400 3866 magistratus
415 3794 471 3851 line
485 3793 612 3850 intentus
632 3791 670 3850 sit
690 3797 720 3850 et
735 3791 899 3851 consideret
919 3793 991 3851 hene
1013 3808 1100 3851 unum
1121 3801 1151 3852 et
1166 3794 1294 3869 optimu

124 3912 187 3956 esse
202 3897 361 3956 concordini
377 3897 461 3969 viem,
478 3901 510 3954 ut
525 3896 642 3955 uerbum
657 3896 772 3955 Domini
787 3898 898 3957 sincere
914 3897 1071 3972 predicere
1087 3899 1214 3971 sinetur3
1235 3911 1292 3958 nn!

124 4000 165 4059 sic
180 4017 232 4058 nos
247 4003 409 4061 mensiones
425 3999 480 4059 Dei
494 3998 566 4058 fieri.
606 3998 650 4058 Do
665 4001 719 4060 lioc
741 4009 835 4062 eutem
858 4004 944 4064 letius
959 4004 1000 4061 sio
1020 4005 1201 4077 exigentibus
1216 4004 1292 4065 reb!

126 4103 215 4179 dixit,
240 4121 324 4179 quein
346 4104 394 4165 hio
408 4103 516 4165 clientis
531 4103 629 4163 illiniri
647 4106 739 4178 possit
759 4114 814 4168 eto.
852 4109 925 4168 ltem
944 4108 1020 4181 quod
1035 4107 1168 4169 Christus
1186 4107 1292 4177 dixerit
