2706 4530
132 225 188 293 tnr,
212 224 244 277 ut
258 235 316 278 non
332 220 423 278 solum
438 222 530 292 ipsum
551 222 715 278 excusatum
734 216 851 290 habere,
876 215 928 276 sed
947 217 1079 276 amicitiae
1092 231 1220 289 ,quaeque
1240 212 1301 274 olfi-

132 326 176 382 cia
191 328 330 398 praestare
344 324 386 384 illi
400 325 494 382 vellet.
526 322 583 383 Sed
598 324 661 395 quis
677 323 809 396 credidit,
826 324 868 381 ait
882 323 1033 398 propheta,
1054 323 1166 382 auditui
1181 320 1300 410 nostro-l

219 429 330 488 Eadem
344 427 518 502 gradarium,
542 444 626 500 quem
641 444 658 486 a
673 425 868 487 Vicrmunden
888 442 1021 501 emeram,
1044 444 1097 500 pro
1123 430 1161 485 12
1182 427 1301 486 thaleris

131 531 267 614 vendidi..
386 542 387 545 ’

221 637 277 709 xvij
294 636 366 708 Maji
381 636 550 696 Leouardus
565 638 716 713 intemplo
736 639 882 698 Minorum
901 637 1007 711 populo
1028 635 1237 697 confessionem
1251 651 1301 708 pu-

131 741 233 799 blicam
247 724 340 814 primo
355 741 495 815 praelegit,
512 748 541 801 et
556 742 658 802 deinde
676 744 737 801 haec
756 743 845 802 verba
863 758 900 800 ex
914 757 977 814 cap.
993 740 1131 800 Actorum
1150 743 1177 799 1.
1197 738 1300 798 ‹Oum-

132 861 188 918 que
203 850 298 904 essent
312 844 414 904 defixis
428 847 458 904 in
478 847 580 905 coelum
602 847 699 920 oculis,
724 852 810 906 eunte
828 844 887 919 illo,
910 862 976 904 ecce
995 846 1050 904 viri
1071 845 1127 904 duo
1148 845 1303 903 astiterunt

131 949 199 1023 illis,
224 951 320 1009 amicti
341 949 467 1009 vestibus
489 950 576 1024 albis,
601 954 651 1024 qui
670 958 699 1011 et
717 952 862 1010 dixeruntr
892 950 955 1008 Viri
976 947 1104 1022 Galilaei,
1127 948 1197 1022 quid
1220 949 1302 1007 statis

131 1053 274 1113 intuentes
295 1054 325 1111 in
346 1053 469 1112 coelum?
507 1054 562 1111 Hic
583 1056 668 1115 Jesus
689 1055 745 1129 qui
759 1060 921 1127 assumptus
941 1058 986 1112 est
1005 1070 1022 1112 a
1042 1054 1122 1112 vobis
1142 1053 1173 1110 in
1187 1052 1300 1125 coelum,

131 1158 173 1215 sic
187 1159 291 1231 veniet,
306 1163 335 1216 et
347 1158 465 1230 qmdcm
475 1159 585 1218 vidistis
601 1175 666 1218 eum
681 1154 795 1218 euntem
810 1160 841 1216 in
856 1140 980 1216 coelum«
997 1161 1062 1230 etc,
1078 1156 1218 1215 recitavit.
1249 1156 1302 1214 His

130 1261 211 1321 lectis
235 1262 289 1320 ait:
314 1263 411 1336 Scitis,
439 1263 508 1335 quid
530 1263 561 1321 in
588 1264 771 1324 enarratione
797 1263 926 1329 historiae
953 1260 1129 1320 ascensionis
1153 1260 1302 1320 dominica

132 1366 194 1424 lieri
213 1365 309 1441 adhuc
334 1367 372 1425 ad
394 1367 543 1426 dicendum
562 1367 704 1440 reliquum
725 1367 824 1441 fuerit,
848 1368 982 1426 nimirum
1003 1365 1038 1425 dc
1059 1365 1128 1439 hoc,
1153 1364 1231 1437 quod
1252 1364 1300 1424 do-

131 1470 223 1528 minus
238 1475 336 1529 noster
350 1472 435 1530 lesus
451 1470 580 1530 Christus
596 1465 695 1532 sedeat
710 1471 748 1532 ad
763 1472 911 1532 dexteram
924 1473 980 1531 Dei
994 1471 1096 1546 patris.
1133 1468 1233 1543 Sedet,
1257 1470 1300 1526 in-

132 1575 203 1648 quit,
219 1590 277 1633 uon
291 1565 323 1633 u‘t
337 1591 413 1649 papa
428 1577 526 1634 Romae
541 1577 636 1635 omnia
651 1576 808 1650 praecipere
823 1578 941 1650 otiosae,
965 1576 1018 1635 sed
1036 1574 1118 1634 sedet
1137 1573 1197 1646 illic
1217 1589 1302 1631 verus

133 1679 203 1743 deus
222 1685 252 1738 et
269 1679 366 1753 homo,
387 1695 511 1754 regnans
531 1695 594 1736 cum
614 1686 697 1754 patre
717 1682 821 1753 aequali
840 1681 970 1754 potentia
988 1679 1156 1752 imperitans
1176 1677 1299 1737 coelesti·

132 1784 193 1858 bus,
218 1785 359 1844 exaltatus
379 1800 466 1857 super
481 1784 634 1844 Cherubim
649 1789 679 1843 et
698 1785 857 1859 Seraphim,
882 1785 1081 1844 dominationis
1097 1787 1127 1842 et
1141 1782 1300 1856 potestatis,

131 1905 182 1947 rex
204 1904 317 1961 quoque
337 1897 480 1948 terrarum
500 1895 530 1947 ct
551 1888 759 1949 immundorum
782 1888 950 1950 inferiorum
975 1890 1134 1963 spirituum.
1173 1885 1302 1944 Admini-

131 1997 204 2051 strat
218 1997 314 2052 autem
329 2009 448 2067 reguum
468 2009 549 2052 suum
573 1994 734 2076 dupliciter.
773 1995 913 2054 Devastat
933 2007 1031 2052 omnes
1051 1992 1166 2064 impios,
1191 2006 1244 2048 nec
1259 1994 1302 2048 est

131 2096 207 2169 quod
222 2097 372 2170 quisquam
388 2099 414 2155 ei
428 2097 563 2156 resistere
578 2099 681 2171 valeat,
706 2099 817 2159 etiamsi
837 2099 962 2172 undique
983 2095 1103 2156 flammis
1122 2096 1181 2154 suis
1203 2100 1234 2153 et
1247 2109 1299 2151 un-

131 2199 176 2268 dis
195 2201 311 2272 tyranni
327 2201 454 2260 saeviant.
486 2201 559 2260 Nam
575 2218 632 2274 quo
654 2203 752 2262 durius
771 2181 921 2277 premitur,
945 2203 1001 2262 hoc
1019 2203 1106 2262 latius
1125 2200 1301 2276 praedicatur

131 2305 310 2377 evangelium
331 2311 360 2364 et
379 2306 538 2379 evulgatur.
560 2306 706 2379 *Allegaus
727 2307 773 2365 hic
794 2309 952 2367 orationem
975 2307 1002 2366 d.
1019 2307 1101 2365 Petri
1114 2307 1145 2364 iu
1158 2308 1300 2364 conventu

131 2409 385 2482 Hierosolymitani
401 2416 525 2483 senatus,
548 2410 686 2470 Actorum
704 2412 731 2469 5.
753 2417 782 2470 et
801 2412 947 2471 detestans
967 2427 1081 2472 enorme
1101 2407 1299 2493 facinuscon-

130 2514 187 2573 ciiii
209 2514 436 2574 Constantiensis
450 2516 487 2573 in
509 2516 651 2574 Joannem
674 2516 762 2589 Huss,
785 2517 834 2588 qui
847 2515 1079 2589 ‘prophetaverat
1100 2518 1165 2586 post
1187 2517 1300 2572 centum

130 2635 220 2679 annos
236 2619 299 2677 Deo
315 2623 344 2677 et
358 2619 411 2678 sibi
426 2619 511 2691 hujus
527 2618 657 2678 maleficii
673 2621 811 2679 rationem
831 2619 1015 2678 reddendam.
1051 2620 1164 2692 Regnat
1186 2633 1301 2691 quoque

131 2722 261 2782 Christus
276 2724 305 2779 in
320 2723 388 2795 suis,
412 2724 510 2782 cosin
530 2722 727 2783 misericordia
746 2724 913 2799 corripiens,
937 2722 1101 2791 confortans
1122 2728 1152 2782 et
1170 2724 1201 2781 in
1223 2723 1299 2796 peri·

130 2827 201 2885 culis
216 2831 389 2885 sustentans.
420 2827 501 2899 Item,
525 2827 724 2902 exscriptoris
743 2828 911 2888 testimonia
926 2828 1053 2903 adduxit,
1078 2818 1155 2903 quod
1174 2830 1205 2886 in
1224 2844 1299 2900 sym-

130 2929 196 2989 bolo
216 2928 329 3001 dicitur,
353 2929 553 2989 ascendentem
573 2930 613 3011 ad
630 2932 732 3005 coelos,
756 2933 902 2993 sedentem
922 2932 959 2992 ad
979 2932 1127 2994 dexteram
1147 2934 1247 3006 patris,
1272 2937 1301 2990 et

131 3032 207 3107 quod
221 3034 358 3104 Actorum
375 3037 392 3091 7
411 3034 572 3108 Stephanus
587 3041 783 3110 protomartyr
799 3039 851 3095 ait:
874 3039 961 3111 Ecce,
982 3040 1065 3098 video
1081 3039 1169 3097 coelos
1183 3041 1300 3110 apertos

131 3136 270 3198 etlilium
292 3138 413 3197 hominis
433 3142 557 3198 stantem
579 3157 597 3200 a
619 3140 727 3200 dextris
750 3141 814 3199 Dei.
852 3143 924 3201 Item
944 3141 980 3201 de
999 3149 1122 3216 utraque
1141 3143 1214 3200 dixit
1237 3158 1300 3201 sen·

130 3243 229 3313 tentia,
254 3258 339 3315 quam
358 3242 488 3301 dominus
503 3245 587 3303 Jesus
603 3245 692 3318 judex
712 3246 841 3304 rivorum
857 3251 887 3304 ct
901 3253 1078 3306 mortuorum
1097 3248 1209 3306 laturus
1224 3252 1301 3306 esset

130 3347 217 3417 super
236 3346 338 3405 hircos.
353 3352 383 3405 et
403 3347 510 3422 haedos,
533 3349 634 3422 impios
656 3354 686 3407 et
706 3348 822 3408 electos.
860 3351 998 3423 Quoniam
1018 3367 1086 3410 vero
1106 3350 1143 3409 ob
1163 3352 1300 3424 temporis

130 3451 280 3522 penuriam
300 3451 377 3510 ultra
399 3453 535 3526 progredi
556 3469 613 3511 non
628 3457 753 3526 poterat,
776 3453 806 3513 id
821 3455 898 3527 quod
911 3456 1084 3530 praelegerat
1097 3456 1128 3513 in
1143 3454 1299 3514 crastiuum

128 3554 311 3613 tractandum
328 3556 453 3630 reliquit.
483 3556 593 3616 Deinde
613 3557 740 3632 colecta,
755 3559 897 3621 dominica
911 3561 1041 3623 oratione
1057 3567 1087 3620 et
1101 3560 1299 3621 benedictione

129 3658 232 3719 clamit
246 3662 410 3733 concionem
425 3668 454 3722 et
469 3663 615 3723 ecclesiam
631 3662 746 3722 dimisit.
780 3696 783 3701 ·
870 3697 874 3703 ·
1088 3744 1091 3748 .
1229 3726 1234 3734 .

217 3764 327 3826 Eadem
349 3766 491 3840 Vulphilae
517 3765 696 3826 Brabantino
718 3767 865 3843 disputata
892 3772 1026 3845 colloquii
1053 3771 1220 3830 Ratisbonae
1248 3785 1299 3844 por

129 3869 270 3928 Bocorum
283 3872 429 3945 descripta
441 3872 480 3931 ad
495 3871 619 3930 Nellium
633 3869 807 3944 perferenda
826 3875 954 3935 dedimus
972 3882 1003 3936 et
1023 3874 1186 3934 Catharinae
1208 3874 1297 3933 Schil·

129 3971 200 4031 darn
221 3989 338 4048 precum
356 3975 460 4034 librum
479 3974 697 4050 transmisimus,
720 3984 750 4037 et
768 3980 933 4039 Hermanno
955 3981 1138 4054 injunximus,
1162 3985 1194 4036 ut
1215 3977 1297 4036 iami-

129 4077 197 4136 liam
211 4080 321 4137 amiciri
335 4087 459 4141 curaret.
490 4079 600 4140 Eadem
613 4080 723 4142 balneis
738 4086 783 4143 usi
796 4100 901 4144 sumus.
