2678 4546
616 62 659 132 15

92 266 125 312 ιιι
139 238 399 312 ratisbonensium.
430 247 541 311 Eadem
563 263 615 325 per
636 247 779 324 hospitem
800 254 930 310 nostrum
952 251 980 311 d.
1003 251 1150 312 Musonius
1170 269 1223 314 nos

92 358 169 417 sarit
190 356 265 416 libro
285 345 406 415 Martini
426 353 532 416 Buoeri
553 355 590 415 de
611 356 765 430 disputatis
786 357 816 415 in
837 356 979 430 colloquio
1007 357 1172 418 Ratisbonae
1193 367 1223 419 et

92 461 180 521 sdem
199 463 309 536 scripto
328 464 431 520 contra
451 461 674 522 vintoniensem.
708 463 886 523 Secretarins
908 463 1043 523 Hoiensis
1061 480 1126 523 cum
1144 462 1223 540 apud

92 566 273 627 rabatensem
287 582 341 640 pro
353 582 492 640 responso
506 568 638 642 insturet,
655 568 796 627 Antonius
810 568 861 628 ille
875 568 1036 629 Perenotns
1047 570 1088 629 illi
1103 584 1222 643 respon·

97 693 106 733 ι
130 673 246 748 urgeas
259 671 392 747 viglium.
415 671 463 731 Ex
475 688 534 746 quo
549 671 626 732 dioto
641 671 725 733 faede
738 674 901 749 intelligere
916 680 970 749 est,
986 690 1071 747 quam
1085 674 1140 734 sihi
1155 691 1221 735 con·

92 784 151 840 rent
164 778 251 840 aulici
264 777 371 854 polypi.

138 883 380 960 Eckenhergiuna
398 883 512 960 domus,
537 899 601 960 qum
623 901 698 944 nunc
714 885 930 961 archiepiscopo
946 886 1111 946 Trevirensi
1125 885 1222 962 hospi·
1323 873 1331 883 ’

92 1006 121 1050 ιι
146 990 275 1066 praebet,
299 991 398 1064 pendit
416 990 565 1051 comitibus
587 990 737 1052 aHonloh
759 993 906 1052 annuatim
930 1009 1057 1067 pannum
1080 993 1223 1065 integrum

92 1097 175 1157 heum
189 1100 220 1157 et
232 1112 352 1156 anseres
366 1095 437 1159 duos
452 1097 590 1159 candidos
614 1103 644 1156 et
658 1100 754 1159 nescio
770 1097 840 1172 quid
854 1099 987 1172 amplius,
1008 1100 1124 1171 insuper
1139 1098 1224 1156 comi-

92 1220 126 1263 ιιιι
139 1205 321 1264 mansionem
341 1204 373 1263 in
386 1203 440 1265 huc
459 1205 544 1265 domo
560 1210 590 1265 et
603 1210 668 1264 octo
684 1221 824 1278 equorum
838 1204 995 1276 stabulum,
1011 1204 1060 1263 uhi
1074 1202 1224 1262 comitibus

92 1311 164 1371 tcum
179 1309 277 1384 fuerit,
292 1310 423 1385 praehere
436 1315 560 1371 tenetur.

139 1415 208 1475 Rex
222 1414 333 1474 Thunis
348 1416 493 1492 aproprio
507 1414 567 1475 filio
583 1416 749 1476 exoculatus
764 1414 967 1491 selincurte,
984 1422 1025 1491 ut,
1042 1434 1104 1476 cum
1119 1434 1223 1493 argen-

92 1538 111 1581 n
131 1520 242 1582 habeat
259 1522 316 1581 vim
337 1520 541 1598 putrentium,
562 1523 696 1583 laminam
715 1521 834 1594 ignitam
854 1527 995 1597 perpetuo
1016 1524 1122 1583 intuitu
1136 1525 1224 1599 inspi-

92 1645 115 1689 ι
129 1631 248 1688 coactus
263 1628 309 1702 sit,
325 1629 422 1703 sicque
431 1629 600 1689 aoumuisns
614 1626 752 1702 amiserit,
767 1626 853 1700 idque
865 1629 948 1700 jussu
962 1626 1014 1687 filii
1028 1630 1159 1705 senioris,
1175 1631 1225 1704 qui

92 1750 220 1811 regnum
233 1734 391 1808 occuparit
794 1798 798 1807 ,

137 1839 252 1901 undem
266 1840 427 1899 hosntiutns
441 1838 537 1899 Maior
552 1840 633 1900 nohis
649 1845 679 1899 et
692 1839 882 1915 imperatores
897 1846 927 1899 ιι
941 1841 1071 1900 consules
1080 1841 1224 1902 Romanos

92 1947 173 2009 annis
187 1944 358 2020 Guspiniani
371 1950 470 2007 mutuo
485 1943 572 2005 dedit
603 1945 713 2005 Eadem
732 1944 789 2004 duo
805 1944 940 2004 Germani
960 1946 1065 2005 milites
1085 1946 1171 2006 hodio
1191 1947 1222 2006 in

92 2048 396 2126 amurumperire
411 2050 496 2111 occisi
516 2050 659 2111 dicuntur.
698 2052 785 2113 Faxit
803 2051 883 2112 Deus
903 2068 940 2112 ne
960 2051 1146 2114 diuturnioris
1165 2053 1224 2114 cdli

92 2172 126 2221 ιι
139 2163 295 2231 unamque
307 2160 424 2230 gentem
437 2152 594 2217 lomentmn
608 2158 655 2216 sit.

101 2326 104 2331 ,
139 2262 176 2323 Ιι
188 2262 309 2337 Ausim
322 2259 396 2321 urhe
410 2261 571 2322 clarissim

230 2379 290 2443 Quo
307 2378 403 2431 voum
420 2379 519 2445 neseio,
537 2381 637 2432 invitus
655 2382 758 2444 morior,
776 2380 861 2432 valete
879 2381 1011 2448 posthumi

231 2469 268 2519 M.
286 2467 457 2520 Posthumiue
474 2483 563 2536 eques.

95 2616 98 2625 .
141 2561 204 2623 Hoc
217 2560 318 2622 mnndi
331 2566 363 2623 et
377 2558 522 2623 Christum
537 2564 731 2638 ignorantium
747 2562 905 2637 ingenium!

230 2662 339 2715 lnfoelix
356 2662 445 2713 fatum
482 2662 558 2715 Prior
577 2664 658 2716 debui
676 2664 750 2714 mori.
787 2662 880 2714 Mater.

92 2800 115 2857 a,
146 2782 268 2845 uomina
288 2784 384 2862 Dens,
404 2787 455 2860 qui
475 2800 529 2846 nos
547 2800 601 2860 per
619 2783 709 2844 filium
730 2790 811 2845 tuum
831 2785 892 2844 sine
912 2785 1123 2846 intermissione
1141 2800 1225 2844 omre

155 2889 162 2962 .‘
197 2891 333 2965 spiritum
349 2891 430 2953 illum
452 2906 570 2965 precum
592 2896 621 2951 et
636 2895 738 2967 pratia
754 2893 928 2952 exsuscitare
946 2893 977 2952 in
990 2890 1073 2952 nobis
1089 2892 1225 2966 digneris,

195 2992 303 3061 fiducia
316 2997 421 3057 ostium
443 2995 514 3057 illud
539 3013 638 3057 verum
653 2999 806 3075 pulsemus,
829 3015 882 3073 per
897 2997 975 3072 quod
989 2998 1072 3058 nohis
1087 2997 1126 3057 ad
1139 3003 1168 3057 te
1183 2999 1226 3056 in-

185 3100 274 3163 datur
299 3103 332 3163 in
348 3103 437 3165 vitum
459 3108 610 3179 uternam,
642 3105 775 3165 uidelicet
795 3105 894 3165 Jesnm
918 3102 1059 3162 Christum
1083 3102 1225 3162 dominum

216 3207 349 3285 Benigne
363 3215 456 3284 peter,
472 3210 497 3270 si
511 3215 557 3272 est
566 3210 700 3271 uoluntas
709 3217 768 3286 tua,
781 3209 819 3269 da
828 3212 955 3270 reuisere
966 3226 1084 3269 uxorem
1097 3213 1126 3267 ιι
1141 3223 1227 3281 quam

113 3396 117 3403 Ι
142 3315 307 3377 commisisti
321 3319 459 3391 spartam.

134 3418 174 3481 :lx
186 3420 261 3495 maji
274 3422 306 3481 in
319 3421 428 3496 templo
443 3420 591 3482 Minorum
604 3424 756 3496 praelcctor
765 3422 809 3498 (ut
824 3421 894 3480 mihi
908 3417 1019 3494 uideor)
1035 3421 1152 3495 repetiit
1167 3422 1228 3481 haeo

125 3512 131 3521 ’
158 3524 268 3587 Christi
281 3525 362 3602 apud
368 3524 490 3587 Lucum:
511 3527 569 3588 «Et
584 3543 637 3603 ego
653 3528 717 3587 dioo
731 3525 821 3600 vohis,
838 3530 918 3585 orate
933 3531 963 3585 et
978 3527 1132 3601 accipietis,
1149 3544 1226 3601 quae·

171 3631 340 3707 invenictis,
364 3633 477 3707 pulsate
491 3639 522 3694 et
540 3633 686 3709 aperietur
700 3633 790 3692 vobis.
829 3632 904 3691 Nam
919 3632 968 3705 qni
982 3638 1047 3691 orat
1061 3634 1165 3707 accipit
1180 3634 1228 3706 qui

123 3720 135 3815 Γ
205 3738 230 3797 ’t
242 3738 370 3799 inveniet
384 3744 414 3798 et
427 3738 553 3813 pulsanti
567 3739 745 3814 aperietur.»
770 3739 868 3798 Primo
884 3756 930 3813 aa,
948 3754 1012 3812 ιιι
1027 3740 1090 3798 heri
1106 3739 1226 3810 dixerat,

129 3836 141 3931 J
180 3844 220 3905 td
240 3843 340 3919 populi
359 3845 526 3905 memoriam
546 3845 707 3917 reuocauit,
731 3842 834 3902 deinde
854 3844 992 3917 ostendit,
1018 3860 1104 3917 quum
1127 3843 1226 3913 amica,

156 3949 252 4011 dulcis
265 3955 297 4010 et
310 3948 444 4011 salutaris
467 3949 530 4010 hmo
544 3951 695 4026 promissio
711 3948 817 4008 Christi
832 3950 878 4023 sit,
903 3947 978 4023 quod
994 3950 1050 4006 ait:
1075 3947 1130 4018 Qui
1146 3947 1227 4019 petit,

179 4062 235 4116 etc.
259 4057 345 4132 llam,
360 4057 464 4132 inquit,
480 4072 534 4116 uec
546 4058 673 4131 locuples
689 4071 742 4114 nec
758 4056 848 4130 inops,
872 4070 925 4114 neo
940 4053 1083 4124 sacerdos,
1108 4067 1161 4110 nec
1174 4051 1228 4110 lai·

137 4176 194 4223 nce
206 4160 300 4237 miles,
314 4176 370 4223 ιιι
383 4162 463 4239 ciuis,
478 4177 533 4223 uec
546 4177 637 4224 cecus
658 4177 772 4236 qnoque
793 4167 843 4221 aut
865 4157 983 4220 claudus
996 4157 1042 4218 hic
1057 4156 1228 4231 excluditur,
