2678 4546
614 39 676 105 tat

55 212 207 299 accipere,
239 229 270 284 et
292 227 326 282 ut
351 222 382 283 id
406 224 543 298 temporis
571 223 736 285 adessemus
759 222 854 296 jussit.
908 223 986 281 ldem
1012 223 1109 295 jussus
1135 227 1180 281 est
1201 228 1231 281 ct

58 331 194 390 Carolus.

147 435 277 495 Prandio
292 440 391 494 nostro
409 432 530 493 Carolus
546 451 564 493 a
579 435 704 493 Stockcn
719 439 748 493 et
762 433 904 494 Barleven
919 432 1120 493 interfuerunt.
1151 435 1229 493 Emi-

57 559 118 600 mus
139 541 242 600 eadem
263 540 401 614 scriptum
426 540 531 612 prioris
553 540 582 598 in
610 539 763 612 Rhodam,
790 555 847 612 quo
870 540 983 614 pinguis
1005 541 1182 613 aqualiculus
1203 546 1233 599 et

58 650 212 707 Eraemum
226 644 410 706 Roterodam.
427 645 519 717 carpit
534 650 563 704 et
578 646 673 704 divum
689 646 810 704 Paulum
825 660 943 703 uxorem
958 660 1016 702 non
1030 644 1163 704 habuisse
1178 645 1229 705 ad-

58 758 172 812 struere
186 756 320 810 conatur.
364 764 368 771 ·

144 857 261 917 Eadem
270 835 454 917 'fredericus
474 856 584 930 Perger
606 855 723 930 Georgii
744 854 819 914 iilius
840 856 1032 915 allatisbona
1053 872 1103 914 nos
1126 857 1231 928 invisit,

24 1032 26 1037 ,
60 964 188 1023 indicans
203 964 280 1022 inter
296 968 395 1022 cetera
415 960 450 1022 de
472 963 668 1022 controversia
683 963 797 1020 Luxani
820 961 947 1036 praefecti
970 962 1042 1034 regii
1063 977 1096 1018 ac
1118 960 1233 1035 Georgii

10 1036 14 1059 Ι
61 1071 188 1144 Pergeri,
205 1074 236 1127 et
251 1051 392 1141 quamodo
408 1065 500 1127 Wultf
512 1067 614 1125 Haller
631 1068 789 1141 Pergerum
804 1069 833 1126 in
848 1068 966 1127 tutelam
982 1068 1134 1140 acceperit.
1163 1066 1233 1125 Orta

63 1180 155 1234 autem
166 1164 217 1232 'est
232 1173 295 1231 haec
308 1175 372 1232 rixa
391 1174 429 1232 ob
444 1189 501 1232 non
516 1173 694 1246 hospitatum
709 1174 886 1233 bohemicum
902 1173 1038 1244 aulicum,
1062 1188 1124 1229 cum
1138 1179 1232 1232 tamen

62 1280 212 1340 Cattorum
229 1280 339 1353 legatos
354 1279 479 1352 hospitio
494 1279 660 1351 excepisset.
700 1279 893 1352 Interrogavit
908 1293 1022 1350 quoquc
1038 1295 1090 1336 nos
1106 1278 1142 1336 de
1158 1278 1233 1337 vale·

63 1385 157 1444 tudine
174 1384 307 1458 Pistorii,
330 1376 400 1442 item
420 1399 459 1441 au
481 1376 548 1441 milri
572 1400 608 1441 ex
630 1400 718 1442 uxore
732 1385 816 1446 liberi
831 1386 896 1443 sint.
935 1384 1039 1442 Aiebat.
1054 1390 1189 1457 parentes
1204 1390 1233 1443 et

63 1489 163 1550 iratres
188 1505 256 1547 suos
279 1489 355 1549 bona
376 1504 440 1546 esse
462 1487 635 1546 valetudine.
676 1488 816 1548 Invitatus
839 1494 923 1547 esta
948 1490 1029 1549 nobis
1052 1489 1088 1548 ad
1111 1505 1231 1564 ooenam,

64 1612 158 1654 rernm
173 1595 355 1668 gravioribus
370 1598 525 1667 occupatus
540 1595 639 1652 venire
654 1611 711 1653 non
727 1595 828 1666 potuit.

147 1700 289 1773 Quoniam
305 1706 356 1759 tua
373 1699 506 1758 voluntas
521 1704 574 1772 est,
591 1699 714 1773 domine,
737 1706 770 1759 ut
789 1717 841 1773 pro
861 1698 1089 1758 benefactoribus
1109 1716 1232 1774 oremus,

65 1805 181 1892 benefac
196 1806 247 1880 eis,
271 1806 321 1878 qni
335 1804 418 1865 nobis
436 1806 510 1864 bene
531 1806 691 1880 voluerunt,
709 1811 827 1878 propter
846 1821 949 1862 nomcn
971 1810 1101 1863 sanctmn
1120 1812 1210 1863 tuum.

148 1913 218 1970 xxix
232 1911 304 1986 Maji
319 1913 349 1969 in
362 1904 470 1985 templo
485 1911 687 1970 observantnm
703 1911 730 1969 d.
752 1910 921 1968 Leonardus
941 1927 976 1968 ex
995 1926 1057 1983 cap.
1077 1910 1196 1969 Joanuis
1213 1913 1231 1970 3

66 2016 98 2075 de
111 2017 251 2089 mysterio
265 2023 455 2076 sacrosanctae
470 2017 572 2076 triadis
588 2018 772 2076 concionatus
788 2022 840 2088 cst,
865 2016 1002 2088 indicam,
1027 2033 1110 2088 quam
1126 2016 1233 2075 homiui

66 2138 97 2180 ex
111 2123 239 2196 propriis
262 2119 371 2181 vibbm
390 2121 566 2181 didnitatm
588 2136 744 2195 agnoscere
760 2121 933 2193 impossibile
949 2122 995 2180 sit.
1035 2121 1189 2180 Profereus
1204 2122 1233 2180 in

64 2228 185 2287 medium
201 2233 300 2286 notum
314 2227 388 2286 illud
402 2226 439 2286 de
454 2229 550 2301 puello
565 2228 630 2286 vola
645 2244 745 2286 manus
760 2244 839 2286 mare
855 2228 1007 2285 exhaurire
1023 2235 1144 2287 conante
1160 2233 1190 2286 et
1205 2227 1232 2286 d.

65 2333 225 2408 Augustino
240 2336 293 2392 etc.
330 2333 405 2393 Item
424 2333 460 2392 de
483 2333 624 2392 distinctis
646 2333 775 2405 personis
798 2333 826 2390 in
847 2333 947 2391 eadem
961 2335 1091 2393 trinitate
1106 2339 1135 2393 et
1149 2335 1233 2406 hujus

64 2441 104 2499 rei
116 2441 282 2499 testimonia
294 2440 443 2513 scripturae
458 2438 585 2499 adduxit.
610 2440 680 2498 item
697 2437 847 2512 quomodo,
865 2432 931 2496 dum
945 2439 1142 2511 baptizaretur
1151 2440 1232 2498 Obri-

65 2553 122 2605 stns
136 2548 169 2604 in
183 2545 322 2619 Jordaue,
338 2547 430 2619 patrie
445 2561 500 2605 uox
515 2547 589 2622 (baec
604 2547 725 2604 scilicet:
742 2545 797 2602 Hie
812 2549 856 2602 est
871 2542 946 2601 filius
962 2561 1042 2603 nicus
1059 2544 1188 2618 dilectus,
1205 2547 1234 2604 iu

65 2669 119 2726 quo
139 2652 211 2710 mibi
231 2651 305 2712 bene
320 2652 517 2725 complacitum
538 2657 595 2724 est,
621 2653 698 2711 hunc
718 2647 827 2723 audite)
851 2651 949 2709 audita
970 2656 1021 2708 est.
1067 2651 1158 2709 Filius
1173 2657 1235 2710 erat

63 2759 132 2834 ipsc,
150 2758 200 2832 qui
214 2757 424 2832 baptizabatur,
441 2763 470 2816 et
485 2773 507 2817 s.
519 2759 636 2830 spiritus
650 2758 680 2815 in
696 2757 790 2829 specie
805 2754 942 2814 columbae
958 2773 1044 2829 super
1060 2757 1078 2815 J
1080 2774 1130 2816 esu
1144 2773 1233 2830 appa·

67 2865 133 2923 ruit.
175 2864 249 2938 Item
263 2863 340 2937 quod
355 2861 431 2921 filius
447 2862 538 2921 solum
553 2863 740 2934 assumpserit
753 2877 866 2936 corpus.
900 2862 971 2919 Item
986 2863 1061 2934 qnod
1078 2864 1195 2937 spiritus
1211 2881 1233 2923 s.

65 2968 99 3028 de
112 2974 198 3042 patre
214 2965 316 3034 ctfilio
331 2968 370 3027 sit
383 2969 552 3042 procedens,
570 2971 636 3027 item
652 2984 737 3041 quam
752 2969 849 3041 inepte
866 2967 884 3025 J
886 2967 961 3025 udaei
976 2974 1005 3027 et
1020 2970 1117 3026 catari
1132 2942 1233 3027 infide-

64 3076 106 3134 les
121 3090 177 3134 nos
193 3072 371 3135 Christianos
392 3079 452 3132 tres
468 3074 536 3133 deos
552 3073 688 3148 adorare,
713 3090 776 3131 oum
795 3076 825 3131 in
849 3089 933 3130 unum
950 3079 1058 3131 tantum
1075 3073 1234 3154 credamus,

65 3181 213 3251 effabant3
237 3177 315 3251 quod
329 3176 409 3237 Deus
431 3179 469 3237 sit
488 3179 605 3252 spiritus
624 3196 682 3237 non
703 3179 813 3238 babens
828 3195 931 3254 corpus
948 3180 1053 3245 nostris
1069 3178 1235 3250 corporibus

65 3288 169 3359 simile,
187 3286 264 3359 quod
279 3289 376 3344 autem
391 3301 415 3343 s.
431 3284 644 3359 scripturaDeo
660 3286 765 3358 oculos,
783 3286 900 3355 vultum,
913 3301 1013 3341 manus
1025 3289 1078 3341 etc.
1095 3284 1234 3356 attribuit,

65 3392 93 3452 id
106 3391 182 3465 fieri,
208 3390 286 3466 guod
306 3391 448 3464 scriptura
472 3407 526 3463 pro
550 3396 635 3464 captu
658 3391 782 3448 humano
804 3389 980 3448 divinitatem
1003 3390 1235 3450 circumscribens

10 3508 13 3513 “
65 3499 212 3572 loquatur.
237 3495 393 3570 Quoessulibi
408 3512 426 3555 a
441 3495 526 3554 nullis
541 3497 703 3554 mortalium
719 3496 782 3568 capi
798 3501 902 3568 posset.
927 3495 991 3552 Huc
1005 3496 1095 3554 multa
1110 3499 1234 3557 testimo·

65 3606 113 3664 nia
129 3621 166 3664 ex
182 3603 299 3676 psalmis
314 3608 344 3662 et
359 3601 422 3662 aliis
436 3601 537 3662 Bibliae
557 3602 627 3660 locis
642 3599 783 3659 adferens
823 3601 893 3659 Item
910 3617 1035 3673 quares
1053 3604 1169 3675 spiritus
1185 3620 1235 3660 no·

10 3708 12 3723 ²
64 3713 189 3770 minetur
203 3715 315 3780 ventus,
331 3708 400 3768 item
414 3707 451 3766 de
461 3709 489 3766 vi
510 3709 676 3782 etpotentia
686 3713 844 3777 ventorum,
862 3708 923 3764 euri
939 3707 1054 3777 scilicet,
1072 3709 1121 3778 qui
1135 3711 1236 3763 cuncta

64 3815 167 3892 perflet
188 3820 218 3874 et
239 3814 450 3887 concutiat,·et
464 3811 587 3886 favonii,
614 3815 660 3884 qui
682 3829 733 3869 suo
754 3811 824 3871 flatu
847 3813 942 3871 omnia
958 3811 1107 3869 exhilaret.
1147 3811 1193 3867 Sic
1208 3816 1238 3868 et

10 3934 15 3993 ζ
64 3924 182 3998 spiritus
198 3937 221 3979 s.
238 3917 350 3979 afflatui
365 3934 447 3977 nemo
462 3920 597 3977 resistere
612 3924 715 3991 potest,
733 3919 808 3976 sicut
822 3918 970 3992 propalam
981 3916 1068 3972 visum
1087 3919 1130 3972 est
1146 3917 1173 3971 in
1191 3915 1236 3973 die

10 4000 18 4021 ¹
63 4008 255 4102 pentecostes,
269 4023 380 4084 frustm
394 4024 619 4097 repugnantibus
635 4022 788 4082 Pharisaeis
812 4027 841 4080 et
856 4021 956 4079 scribis
973 4025 1025 4078 etc.
1064 4019 1103 4076 Et
1118 4018 1183 4077 huic
1199 4021 1236 4079 ad

62 4132 140 4192 bunc
154 4147 245 4207 usque
261 4129 338 4191 diem
352 4132 431 4188 totus
445 4127 568 4188 mundus
586 4128 721 4188 resistere
741 4133 874 4200 conatur,
900 4129 1039 4184 ettamen
1059 4124 1105 4181 hic
1120 4126 1236 4198 spiritus
