2678 4546
211 239 275 301 sos
288 241 402 313 comsit
415 240 520 315 hospes
535 252 577 313 ut,
599 242 624 298 si
639 256 695 313 qno
712 238 775 297 lieri
789 252 902 313 posset,
925 256 1042 315 opernm
1059 244 1191 303 dominns
1206 246 1294 303 ‹litteri-

119 363 189 405 unm
202 362 358 405 novercam
376 345 454 419 opud
472 348 565 419 ipsum
586 347 738 418 hospitari.
763 346 842 418 qnod
862 346 954 418 ipsum
977 348 1006 404 in
1029 352 1151 421 gratiam
1174 351 1294 425 hospiti<

122 451 201 524 apud
214 452 334 511 lesbum
348 450 554 509 Colbechernm
570 464 598 509 et
614 451 800 509 llelchiorem
817 450 950 509 Lindium
966 453 1090 515 obtinui.
1113 473 1147 513 co
1165 456 1241 527 lego.
1264 468 1292 513 nt

121 557 227 631 hospes
241 556 435 616 hebdomariis
448 566 558 615 tontum
574 557 700 614 thaleros
716 557 815 615 decem
830 556 984 628 occiperet.

212 662 363 736 Philippus
377 659 469 719 buter
489 670 518 720 et
537 678 591 735 ego
615 663 703 734 igitur
723 678 812 733 equos
833 662 1073 733 conscendentes,
1099 683 1164 723 irioni
1185 667 1209 723 is
1230 685 1294 725 rnen»

121 768 250 840 monitu,
270 774 304 825 ut
319 765 405 824 metm
419 767 532 825 obuium
546 765 645 837 tieret,
669 784 723 840 ego
739 778 770 824 nt
784 767 905 824 maliciae
921 769 1065 827 novennali
1081 778 1109 827 et
1126 771 1249 844 bospitio
1265 780 1294 829 et

122 872 194 930 urhe
207 872 352 931 cederem.
381 871 546 945 Simoente
561 871 675 930 sabboti
690 860 823 930 iicesimn
839 873 925 931 tertio
939 873 1019 931 ‚lunii
1034 876 1193 949 Angustum
1209 880 1295 935 intini-

122 983 203 1037 tonte
218 995 273 1037 nos
287 977 401 1037 Jounne
416 975 568 1050 Gnlncteo,
584 978 710 1036 Henriro
726 975 900 1050 Etzdoritio,
923 977 1052 1052 Casperio
1067 980 1174 1039 thiriinn
1190 990 1218 1039 ot
1236 982 1292 1039 ln·

121 1083 223 1142 dorico
238 1099 324 1143 servo
337 1083 486 1156 liquimus,
508 1066 594 1156 quem
608 1083 656 1141 die
670 1083 783 1141 sabboti
798 1083 906 1141 decima
922 1096 1024 1156 tpmtrtn
1041 1104 1058 1142 o
1073 1086 1180 1157 Aprilis
1204 1088 1292 1144 intro-

123 1204 267 1247 rernmus.
300 1188 362 1247 h'ec
377 1189 487 1247 intereo
501 1196 600 1247 noctes
616 1189 733 1261 diesque
749 1189 816 1247 alibi
832 1189 971 1261 degimus.
996 1191 1080 1249 Foxit
1097 1190 1167 1247 elom
1183 1200 1212 1249 ut
1230 1191 1294 1249 leli·

122 1295 193 1353 citer
211 1290 224 1328 ¹
245 1294 333 1352 sitin
354 1295 480 1368 pntrium
499 1291 653 1367 profectio,
680 1310 766 1365 quom
787 1295 825 1353 nd
846 1295 977 1353 Suetium
998 1306 1025 1354 et
1053 1296 1216 1354 l'indolieos
1242 1294 1293 1354 luit

122 1400 322 1473 perigrinatio.
359 1399 399 1457 Et
412 1399 582 1458 benedictus
596 1400 633 1455 sit
649 1399 725 1457 idem
735 1399 815 1472 deus,
831 1401 880 1472 qui
895 1418 939 1458 nie
950 1403 978 1457 in
992 1402 1079 1459 tontis
1089 1403 1294 1461 imitationibus

124 1513 153 1565 et
164 1506 264 1563 animo
280 1511 311 1562 et
325 1520 447 1578 corpore
469 1504 637 1562 incolumem
658 1520 694 1561 ex
714 1503 845 1561 omnibus
865 1506 1026 1577 oqnssorum
1046 1514 1075 1564 et
1095 1508 1171 1565 omni
1193 1524 1296 1579 expo·-

122 1611 233 1669 tetioue
248 1610 376 1669 omnium
389 1611 568 1668 inimicorum
582 1610 697 1682 eripuit.
731 1608 825 1668 Donet
840 1617 871 1668 ut
891 1626 926 1667 ex
947 1609 1033 1668 corde
1053 1611 1167 1669 leudem
1191 1628 1292 1669 riornon

126 1716 188 1789 ejus
203 1716 295 1775 solius
308 1715 340 1772 in
353 1721 534 1789 perpetuum.

211 1822 294 1880 luter
303 1819 491 1893 equitandum
500 1820 649 1892 Philippus
664 1818 753 1878 irater
770 1828 867 1878 noster
882 1820 992 1893 rogos-it
1009 1823 1050 1891 ut,
1066 1821 1090 1875 si
1108 1820 1162 1878 deo
1177 1822 1293 1893 otrspim

125 1930 246 2001 petriam
261 1926 429 1999 contingere
443 1924 513 1983 mihi
535 1925 667 1997 duretur,
690 1932 720 1983 nt
744 1928 805 1998 ejus
824 1932 852 1983 et
876 1923 997 1982 iratrnm
1018 1940 1131 1997 quoqm
1152 1923 1292 1982 llinostio·

124 2035 264 2093 ationem
278 2030 425 2102 hebetem,
441 2030 559 2103 addens,
575 2032 731 2104 aliqnando
742 2031 907 2103 meditarer,
924 2030 1027 2103 quibus
1038 2031 1089 2087 riis
1100 2030 1292 2087 dissensiones

126 2140 200 2199 inter
223 2155 277 2199 nos
299 2138 430 2210 componi
453 2142 626 2210 possentne
648 2137 744 2194 neseio
766 2136 834 2210 qnid
859 2137 933 2195 intro
957 2136 1073 2195 buccam
1101 2153 1291 2195 rirunnumns.

124 2243 193 2303 Cum
208 2244 431 2316 interrogarem,
447 2258 519 2315 quus
534 2242 745 2299 controversias
761 2240 879 2313 diceret,
896 2242 945 2313 ait,
962 2228 1037 2299 inter
1052 2258 1142 2313 popm
1158 2242 1245 2299 l‘nist
1262 2252 1289 2299 et

124 2346 285 2407 Berndorii.
318 2346 468 2421 Respondi
482 2363 536 2421 pro
551 2351 694 2418 temporo,
718 2362 781 2417 qnae
802 2347 841 2404 od
861 2364 960 2421 pacem
982 2346 1077 2406 itinero
1098 2350 1209 2420 pntmi,
1235 2366 1292 2407 non

123 2455 254 2529 neglecto
267 2453 384 2511 interim
398 2453 529 2511 veritatis
543 2454 722 2524 ostensione,
744 2459 776 2512 nt
790 2452 834 2510 vel
851 2453 963 2525 palpari
978 2458 1090 2525 posset,
1111 2452 1178 2523 quid
1198 2452 1291 2517 veliin,

123 2558 304 2633 concludens,
320 2558 416 2618 nullus
429 2558 543 2617 omnino
558 2560 633 2617 inter
649 2574 700 2616 nos
716 2557 908 2615 dissensiones
922 2556 994 2629 fore,
1011 2558 1035 2613 si
1050 2573 1113 2614 eum
1129 2558 1158 2613 in
1174 2573 1217 2612 nte
1234 2557 1293 2613 atid-

123 2682 199 2725 mum
213 2669 365 2739 gererent,
387 2664 501 2737 qualem
516 2680 610 2721 meum
624 2664 655 2721 in
670 2664 745 2735 ipsos
765 2666 872 2734 preter
891 2662 962 2719 olias
984 2663 1069 2721 modo
1092 2661 1139 2719 hio
1157 2662 1293 2733 Angusto

125 2772 237 2847 experti
252 2776 357 2844 essent,
374 2773 405 2828 et
420 2784 479 2841 eos,
495 2784 616 2841 quorum
630 2767 726 2825 omnia
742 2762 754 2798 ³
770 2784 827 2826 non
842 2768 948 2841 ignoto,
965 2770 1014 2840 qui
1030 2769 1123 2826 oleum
1139 2770 1168 2826 in
1184 2769 1294 2826 comino

124 2879 166 2955 (ut
185 2878 219 2937 in
240 2875 396 2951 proverbio
416 2873 532 2947 dicitur)
557 2872 732 2945 suffundunt,
755 2874 800 2931 vel
815 2890 832 2930 a
848 2890 879 2930 sc
894 2881 1056 2932 amoverent
1073 2875 1116 2931 rel
1132 2876 1232 2932 saltent
1248 2892 1293 2931 co-

120 2982 284 3055 hercerem,
298 2980 472 3052 tandemque
485 2980 581 3053 recepi
596 2995 660 3052 quae
675 2995 788 3052 possem
802 2979 986 3038 libentissime
1001 2995 1045 3037 me
1060 2977 1210 3038 initimum.

209 3084 442 3145 Transeuntibus
464 3090 561 3143 eutem
576 3084 763 3142 Wernitzinm
785 3082 915 3154 fluvium,
938 3085 983 3143 vel
998 3085 1075 3158 quod
1091 3084 1176 3143 titurio
1192 3101 1294 3143 nornen

110 3198 177 3268 'est,
197 3196 231 3252 et
244 3190 544 3266 appropinquantibus
560 3190 664 3248 cosulae
680 3191 722 3248 illi
737 3190 766 3247 in
782 3191 856 3247 viam
872 3189 1009 3247 Werdnm
1026 3191 1172 3261 euntibus,
1194 3191 1293 3247 iustos

120 3316 201 3375 puer,
218 3314 307 3373 quern
320 3294 413 3355 frater
426 3295 577 3369 Philippus
592 3297 783 3369 premiserat,
801 3312 864 3352 cum
879 3294 1013 3368 Adolpbo
1029 3312 1128 3352 rursus
1145 3293 1227 3351 nobis
1244 3295 1293 3351 ob·

110 3404 193 3465 ‚vhm
208 3403 330 3483 veniunt
345 3401 473 3459 dicentes
487 3407 608 3459 matrem
627 3403 656 3459 in
677 3418 750 3474 pago
772 3399 952 3458 Gersthoven
972 3407 1001 3458 et
1022 3416 1157 3473 prensam
1180 3416 1242 3457 osse
1266 3408 1292 3457 et

111 3508 221 3581 ¹‘nlbrtrc
236 3506 405 3582 Philippum
420 3513 581 3581 expectere,
602 3512 634 3564 ut
655 3522 717 3565 enm
738 3506 897 3577 Augustani
920 3504 1053 3563 deducat.
1085 3504 1126 3561 Ac
1147 3505 1293 3576 pandulum

111 3612 284 3689 ,uomens
299 3628 335 3671 oc
345 3612 406 3684 jem
422 3628 528 3686 pagum
543 3611 716 3670 intrantibus
732 3612 827 3668 nescio
843 3612 922 3684 cnjus
941 3611 1024 3682 Jussu
1043 3608 1116 3669 dixit
1136 3610 1293 3682 Atlolplnn,

112 3718 268 3781 ..niomium
282 3721 407 3777 matrem
421 3732 525 3791 rogare
540 3722 574 3777 nt
587 3717 719 3775 Eubulus
735 3732 846 3788 quoqne
863 3733 925 3774 eam
940 3717 1049 3788 ulloqui
1066 3716 1158 3772 vellet.
1191 3715 1294 3785 ltaque

112 3842 182 3891 ‚nm
195 3826 230 3885 in
244 3823 369 3885 nonna
383 3821 575 3896 reperientes,
599 3839 663 3896 quae
679 3822 727 3880 ubi
742 3837 793 3879 nos
810 3823 970 3896 conspexit,
995 3821 1072 3880 foros
1094 3819 1204 3878 obviem
1225 3834 1293 3875 con-

113 3930 195 3991 ·e'edil
208 3936 242 3991 et
254 3928 377 3989 mlorem
392 3945 456 4004 prae
471 3945 503 3987 se
517 3927 612 3987 ferens
627 3926 750 3987 frontem
767 3944 818 3986 nos
835 3927 923 3985 altrice
939 3927 1059 3996 excepit.
1092 3928 1115 3981 Ο
1136 3919 1293 3981 mirabilem

704 4049 719 4081 ’l‘

193 4144 204 4189 l
226 4137 290 4191 Lien
310 4136 423 4191 felicior.
501 4140 514 4184 2
535 4135 657 4185 nomine?
