2678 4546
36 238 65 298 A
78 238 185 299 ceteris
198 240 296 297 autem
308 232 454 297 montibus
469 232 613 295 Schwartz
628 233 734 295 flumen
747 241 885 311 montem,
901 236 931 296 in
946 253 1003 312 quo
1018 255 1071 297 arr
1085 243 1130 298 est
1144 240 1208 314 situ,

39 343 151 403 divellit
165 343 387 417 circumquaque
400 341 493 415 ipsum
503 341 719 415 praeterlabens.
742 342 804 402 Nee
815 346 897 418 patet
908 342 946 403 ad
958 359 1054 403 arcem
1066 346 1122 405 nisi
1137 362 1210 406 unus

37 463 185 522 accessus,
207 451 239 507 et
259 447 284 506 is
305 444 469 506 salebrosus
491 453 521 506 et
535 447 661 507 silicibus
677 447 780 521 plenus
802 464 892 521 usque
913 448 951 507 ad
966 451 1115 524 superiora
1135 453 1211 510 areis

38 552 170 613 aedificia.
193 550 291 613 Habet
303 568 322 612 a
335 553 429 627 primo
444 553 565 612 introitu
579 568 669 626 usque
684 551 722 610 ad
734 568 872 611 summam
883 554 958 612 arcis
968 560 1068 628 portas
1083 555 1211 629 quotidie

39 656 210 717 reserandas
225 657 359 733 quinque.
382 656 598 717 Introsuntibus
613 673 709 717 arcem
723 657 762 716 ad
778 656 908 717 dextram
921 658 1062 720 habitatio
1077 677 1153 721 nunc
1166 667 1212 721 est

40 761 184 824 Guntberi
203 764 313 823 comitis
320 761 336 838 ,'
359 763 427 822 olim
449 762 569 822 Henrioi
588 764 680 820 soceri
699 763 790 822 nostri
810 762 892 822 sedes
912 762 1040 823 adificiis
1059 765 1210 828 adornata.

38 869 84 929 Ad
98 869 247 928 sinistram
262 868 362 929 domus
377 873 422 927 est
435 867 556 928 Joanuis
566 867 685 926 Hernici
700 872 730 927 et
744 867 865 927 aedicula
879 884 970 927 sacra.
993 869 1013 928 J
1014 887 1121 930 oannes
1134 871 1211 931 Hen-

38 978 114 1034 ricus
127 975 190 1048 jam
203 973 308 1034 ibidem
323 972 456 1034 aedificat
487 974 653 1034 Mansiones
671 975 821 1048 utriusque
836 976 946 1035 comitis
960 975 1084 1035 medium
1096 977 1154 1036 iter
1167 977 1210 1037 di-

39 1081 119 1141 sidit.
158 1079 255 1140 Habet
276 1085 306 1139 et
323 1076 432 1140 fossata
456 1085 487 1138 et
505 1081 608 1139 tun-im
635 1080 807 1153 quadratam
826 1096 845 1139 a
865 1082 958 1153 prima
981 1087 1066 1155 porta
1084 1081 1123 1141 ad
1142 1081 1210 1141 dex-

39 1193 114 1246 tram
129 1191 184 1245 ete.
206 1185 317 1245 Nemus
330 1186 391 1245 arci
404 1186 534 1261 proxime
548 1185 683 1246 adiacens
699 1185 752 1244 der
765 1186 1014 1262 Schwartzburger
1024 1187 1124 1248 Wnldt
1137 1189 1212 1249 voci-

40 1298 125 1352 tetur.
167 1290 264 1350 Habet
278 1296 308 1349 et
321 1291 446 1350 mineras
460 1287 540 1350 ierri.
579 1290 652 1350 Sunt
672 1296 702 1351 et
716 1308 751 1351 ca
770 1309 888 1353 nemora
909 1294 1069 1368 quercubus
1090 1301 1119 1354 et
1132 1293 1210 1354 abie-

41 1399 115 1458 tibus
136 1397 248 1456 eonsits
267 1411 416 1455 cervorum
435 1393 545 1456 feracia
566 1396 692 1471 antiquae
712 1398 800 1470 sylva
815 1403 846 1457 et
865 1396 979 1458 stabula
997 1397 1211 1475 ebrietatum,

40 1521 92 1564 nec
103 1504 169 1565 visu
184 1506 294 1563 carent·
327 1502 496 1562 Tenuerunt
509 1506 604 1561 autem
624 1501 699 1561 hanc
717 1519 812 1562 arcem
830 1503 887 1562 duo
907 1505 1033 1562 comites.
1072 1503 1166 1566 Ceteri
1181 1507 1211 1565 in

40 1609 303 1671 Franckenlrausen
327 1613 357 1669 et
378 1609 618 1668 Snudershausen
640 1607 815 1667 habitarunt.
852 1608 964 1683 Agrum
989 1609 1078 1670 habet
1099 1610 1213 1686 frugum

41 1718 106 1777 satis
121 1713 260 1790 feracem,
281 1713 335 1775 sed
349 1714 440 1775 uineis
454 1718 547 1788 caret,
570 1713 682 1788 siligine
697 1729 783 1786 quam
796 1713 893 1773 tritico
913 1713 1008 1773 ditior.
1047 1714 1212 1778 Guntherus

42 1821 220 1882 reddituario
234 1837 301 1880 suns
315 1821 480 1880 mensiones
493 1820 641 1880 commisit.
679 1821 808 1880 Joannes
822 1819 963 1879 Heuricus
977 1819 1144 1895 prefectum
1159 1840 1211 1882 no·

42 1928 126 1987 bilem
134 1932 165 1986 et
176 1931 350 2000 quaestorem
359 1926 454 2000 habet,
469 1927 563 2000 major
575 1943 643 2000 pars
655 1924 841 1986 [edificiorum
848 1924 996 1986 Guuthero
1011 1925 1095 1985 cedit.
1117 1927 1214 1988 Habet

44 2039 68 2092 et
82 2039 203 2108 puteum
217 2039 247 2092 et
260 2029 382 2093 fontales
397 2048 487 2107 squas
501 2049 553 2106 per
567 2033 681 2092 canales
698 2031 845 2092 dedemus.
876 2033 1008 2105 Quaestor
1023 2034 1143 2092 aerarius
1161 2034 1211 2093 lo·

44 2140 123 2197 annis
137 2138 256 2197 ilenrici
270 2135 384 2197 domum
398 2138 509 2205 comitis
524 2137 570 2197 sui
583 2136 709 2196 ostendit
722 2137 815 2212 nobis,
829 2154 915 2212 pane,
931 2152 1015 2197 caseo
1031 2143 1060 2198 et
1075 2140 1214 2199 cerevisia

44 2260 91 2302 nos
113 2240 256 2303 reficiens.
295 2243 371 2303 Nam
390 2244 475 2303 veriti
494 2258 532 2302 ne
551 2239 626 2302 forte
648 2257 743 2301 eomes
763 2258 831 2302 saus
851 2244 1055 2317 superveniens
1074 2260 1127 2304 nos
1146 2245 1212 2305 vino

44 2349 194 2422 obrueret,
209 2364 298 2427 oopus
311 2347 531 2409 Rudelstsdium
545 2348 677 2423 petimus.

128 2452 241 2514 Eadem
250 2451 448 2529 Wolffgangus
463 2470 556 2513 comes
571 2452 734 2514 aGleichen
748 2454 867 2515 audiens
883 2469 936 2512 uos
951 2454 1030 2514 brevi
1045 2455 1076 2512 iu
1090 2455 1213 2529 patriam

44 2575 209 2620 reversuros
223 2554 360 2619 unacum
374 2576 465 2620 uxore
480 2576 541 2634 sua,
557 2575 621 2634 quae
631 2559 759 2620 Bohema
773 2567 817 2620 est
831 2575 868 2619 eu
880 2560 970 2633 stirpe
982 2558 1161 2619 dominorum
1177 2560 1213 2620 de

44 2666 145 2727 Dhona
169 2666 352 2728 Rudclstadii
371 2683 432 2728 nos
459 2668 575 2727 iuvisiit.
620 2667 769 2725 Venerunt
794 2670 824 2724 et
849 2664 1003 2723 consiliarii
1033 2665 1147 2739 quidam
1177 2665 1213 2733 de

44 2771 192 2833 dunstadt

128 2879 177 2951 xvj
187 2877 258 2937 Julii
271 2879 385 2938 circiter
398 2882 509 2938 sextam
524 2877 779 2938 antemeridianam
793 2893 887 2937 comes
895 2873 1093 2952 Wolffgangus
1104 2877 1212 2939 Salvel·

45 2984 117 3045 dam
131 2984 297 3043 revertitur.
332 2982 443 3044 Eadem
457 2998 522 3043 cum
537 2983 664 3058 caepere
679 2989 808 3044 sarctore
822 2988 1017 3058 computatum
1031 2987 1084 3043 est.
1122 2985 1213 3044 Jussi-

44 3107 101 3149 mus
117 3090 259 3149 loannem
268 3087 435 3149 Galacteum
445 3088 652 3164 Obristophoro
661 3088 748 3149 Ziher
762 3088 890 3148 thaleros
905 3088 1003 3148 decem
1018 3090 1050 3148 in
1063 3091 1213 3163 propinem

44 3192 158 3255 familie
174 3194 254 3254 dare.

129 3300 243 3360 Eadem
257 3301 364 3374 scripta
379 3307 409 3361 et
422 3297 566 3362 ratificata
589 3305 633 3360 est
654 3299 811 3360 transactio
827 3299 863 3360 de
878 3304 1016 3376 argentea
1038 3301 1214 3376 supellectile

44 3420 105 3466 cum
121 3406 239 3465 domina
256 3411 350 3465 socru.

130 3512 185 3570 Est
193 3508 391 3586 Wolffgangus
405 3515 434 3569 et
444 3528 517 3572 uxor
526 3512 587 3585 ejus
601 3527 655 3585 par
668 3512 829 3586 conjugum,
847 3510 979 3585 aquibus
989 3512 1090 3572 merito
1104 3528 1213 3588 omnes,

46 3618 91 3689 qui
111 3617 286 3676 matrimonii
305 3617 430 3690 capistro
452 3617 548 3691 capita
567 3614 722 3690 dederunt,
743 3623 888 3676 sumerent
907 3618 1077 3691 exemplum.
1115 3618 1214 3677 Annos

46 3723 156 3782 circiter
172 3721 367 3796 quadraginta
380 3723 537 3782 concordes
551 3738 610 3781 una
623 3723 765 3782 vixerunt.
793 3723 860 3796 lpse
875 3738 994 3783 uxorem
1005 3724 1078 3796 jocis
1093 3721 1171 3782 fovet
1185 3729 1215 3782 et

47 3824 162 3888 honesto
182 3842 280 3886 amore
300 3829 497 3904 prosequitur,
512 3829 563 3887 illa
583 3845 645 3886 eum
667 3833 699 3886 ut
718 3829 852 3887 maritum
871 3831 1025 3887 veneratur
1046 3834 1076 3886 et
1095 3829 1136 3886 ita
1152 3828 1214 3900 ejus

48 3947 141 3993 curam
155 3935 242 4008 gerit,
256 3930 413 4009 utiamula
428 3949 487 3992 non
500 3951 573 3994 uxor
585 3933 727 3994 videatur.
751 3934 867 3994 Nullam
878 3933 1042 3992 concionem
1055 3931 1213 4007 negligunt,

53 4041 76 4096 st
89 4039 167 4098 nulla
181 4037 243 4097 dies
258 4036 332 4112 abit,
350 4039 418 4113 quin
434 4036 537 4098 divinis
552 4038 671 4114 agendis
685 4040 829 4100 intersint.

10 4208 14 4215 ,
130 4143 263 4206 Vidimus
281 4143 366 4231 juxta
384 4160 489 4223 pagum
508 4141 653 4206 llichieldt
672 4160 709 4208 ox
725 4144 928 4220 intempestate
941 4139 1039 4218 aens,
1056 4138 1135 4206 iiatu
1146 4160 1222 4206 neu·
