2678 4546
36 98 51 139 ⁵
92 114 219 190 ιιιὶιειω
240 112 279 175 dc
292 112 512 189 smumbnp
523 114 563 173 cd
584 114 665 188 cujus
679 112 888 190 frontispicium
902 118 1040 193 scriptum
1053 124 1110 180 cst:
1133 122 1235 196 Sepul-

28 232 38 247 “
88 222 136 279 tura
149 221 282 280 comitum
296 223 328 280 et
341 218 520 279 dominorum
534 220 565 277 in
580 219 809 295 Schwartzburg.

19 316 33 357 ³
155 323 377 398 Christophorus
396 326 435 385 ah
448 324 633 399 Entcenherg
652 332 682 384 ιι
696 326 927 387 Schneidewindt
947 329 1110 391 licentiatus
1125 333 1237 394 litteras

10 426 22 465 -²
80 431 195 504 recipere
210 429 349 490 nolebant
369 445 404 489 eo
425 431 503 504 qnod
522 432 703 490 amanuensis
723 447 811 491 manu
830 433 928 505 lapsus
951 434 1048 508 aliqua
1062 443 1193 498 eraserat
1206 438 1236 496 in

10 534 16 571 ·'
77 534 186 595 emdem
201 535 302 598 locum
309 536 437 596 mundo
451 536 587 609 scribens,
603 552 638 594 ac
650 536 686 595 de
696 538 750 595 hcc
764 553 797 594 re
811 539 932 596 multum
947 539 1053 612 dinque
1067 543 1237 605 altercatum

74 641 142 700 inter
154 657 209 701 nos
224 646 279 714 est,
294 645 325 700 et
337 642 499 714 prasertim
513 641 592 714 quod
605 643 710 702 litterae
720 643 821 716 sigillis
835 647 864 702 ct
878 661 1013 703 manuum
1027 646 1237 720 subscriptione

73 745 172 806 domiui
185 744 305 820 Georgii
318 746 434 811 Ernesti
449 764 468 806 a
481 746 666 821 Henneherg,
683 747 858 821 sigismundi
872 767 892 808 a
905 748 1046 824 Holbach,
1061 748 1202 810 Fridcrici
1217 767 1236 810 a

71 849 276 927 Wsngenheim
297 868 332 911 ac
351 852 443 911 nostri
457 858 488 911 et
500 853 603 911 uxoris
618 851 811 912 corroboratae
827 860 932 913 essent.
966 855 1095 915 Tandem
1111 872 1234 915 couven-

71 960 133 1029 ιιι,
148 962 184 1016 ιιι
196 956 241 1014 illi
255 958 407 1030 pmuniam
420 956 504 1015 nobis
518 950 750 1030 annumerarent,
774 975 827 1018 nos
849 961 926 1018 iutra
947 976 1060 1019 menses
1075 962 1147 1022 duos
1163 963 1235 1022 alias

70 1060 177 1121 litteras
191 1061 371 1121 emendatius
386 1061 543 1133 descriptas
558 1061 744 1121 Arustadium
758 1063 904 1124 missuros.

154 1165 266 1225 Simoni
283 1168 387 1227 erario
408 1167 440 1224 in
454 1165 640 1240 Rudclstadt,
665 1169 714 1240 qui
729 1168 834 1241 etipse
849 1185 912 1228 cum
928 1170 1043 1229 domina
1057 1186 1142 1230 socru
1157 1170 1233 1228 Arn-

70 1271 150 1331 stadii
170 1279 249 1347 erat,
273 1271 350 1346 quod
371 1272 485 1331 litteras
508 1272 660 1332 nonnullas
683 1273 764 1332 nobis
787 1272 995 1349 descripsisset,
1017 1275 1161 1334 thalerum
1183 1275 1234 1334 de·

71 1375 167 1436 dimus.

153 1480 353 1554 sigismundus
367 1482 530 1542 Wrtnleben
545 1484 635 1557 gratis
651 1484 761 1557 omnia,
786 1500 851 1557 ιιι
873 1484 950 1559 apud
969 1484 1092 1545 eundem
1106 1487 1233 1561 insump-

72 1602 195 1647 seramus
211 1587 305 1662 dedit,
325 1594 469 1662 praterea
483 1605 515 1647 se
529 1588 612 1647 nobis
627 1587 664 1647 ad
678 1586 774 1648 officia
788 1589 904 1662 obtulit,
926 1606 1003 1664 aegre
1018 1591 1179 1664 admittens,
1202 1596 1236 1649 ιι

74 1706 103 1751 eo
117 1693 166 1752 die
177 1692 258 1752 illinc
271 1693 424 1752 abiremus.
447 1693 585 1752 Dedimus
599 1695 683 1752 uxori
699 1693 872 1766 sigismundi
887 1710 990 1753 aureos
1006 1696 1078 1754 duos
1092 1702 1121 1755 et
1136 1697 1233 1769 singo-

73 1796 102 1856 lis
115 1799 216 1873 pueris
229 1798 321 1872 ipsius
334 1795 475 1858 florenum
488 1814 617 1858 aureum.
640 1798 735 1857 Erant
749 1799 874 1871 quinque
889 1815 1018 1860 numero.

154 1902 260 1977 Sicque
279 1906 403 1978 receptis
424 1905 622 1977 sesquinovem
643 1904 767 1963 millibus
781 1905 890 1976 aureis,
914 1921 1035 1977 quorum
1050 1905 1128 1964 mille
1142 1905 1235 1964 Annoe

73 2005 170 2065 Mariae
190 2006 371 2068 debebantur
391 2013 421 2068 et
441 2009 546 2069 ibidem
567 2025 679 2082 quoqne
694 2025 712 2067 a
727 2010 809 2069 nobis
830 2008 986 2084 dabantur,
1009 2011 1066 2070 duo
1081 2011 1170 2071 millia
1185 2011 1235 2070 do·

11 2096 21 2113 ’
73 2113 143 2172 mina
158 2129 259 2173 socrus
272 2114 399 2188 recepit,
422 2131 489 2172 nam
503 2114 565 2172 ιιι
579 2115 610 2172 in
625 2116 742 2188 negotio
763 2115 923 2189 citationis
947 2117 1143 2192 absolutionis,
1166 2132 1235 2191 pro·

72 2214 198 2276 iectionis
213 2217 388 2293 Angustanoe
409 2223 439 2278 et
460 2221 557 2279 nescio
576 2220 606 2277 in
628 2236 700 2292 quas
714 2221 847 2279 Plutonis
866 2225 974 2292 mystas
998 2223 1128 2295 impensa
1141 2228 1234 2282 eraut.

72 2320 139 2381 ltem
160 2322 285 2382 dominae
303 2326 399 2384 socrui
418 2325 642 2398 quadringentos
662 2340 715 2398 pro
738 2308 854 2398 sumptu
874 2327 904 2383 in
927 2325 1011 2386 dietis
1026 2331 1057 2386 ιι
1071 2326 1134 2385 aliis
1148 2326 1236 2385 'rebus

72 2427 206 2488 dedimus.
243 2430 284 2488 Et
297 2447 334 2490 ue
352 2429 405 2488 hos
420 2431 549 2504 recipere
570 2431 709 2491 abnueret
729 2430 804 2509 clam
820 2447 883 2488 eam
897 2433 1048 2503 pecuniam
1062 2431 1161 2490 subter
1175 2431 1237 2506 pal-

10 2538 15 2599 ἱ
70 2532 135 2592 lium
151 2549 185 2592 ec
201 2535 291 2593 inscia
309 2538 341 2593 in
355 2534 486 2593 cubiculo
504 2536 594 2608 ipsius
613 2536 773 2608 posuimus,
797 2551 851 2593 nec
873 2535 998 2595 arbitror
1018 2551 1082 2595 eam
1101 2536 1158 2594 nisi
1172 2541 1238 2609 post

10 2634 12 2723 j
71 2637 176 2696 abitum
192 2642 322 2699 nocuum
336 2641 493 2714 reperisse,
509 2646 596 2712 atque
611 2640 729 2713 singulis
746 2640 891 2714 dispositis
905 2642 1054 2714 matronis,
1071 2656 1135 2714 quae
1150 2657 1235 2701 vene

10 2752 14 2837 ᾗ
71 2750 133 2803 rant
146 2734 309 2804 Anmtasiae
323 2746 461 2818 invisere,
483 2743 679 2803 valediximus.
719 2745 776 2804 Sed
791 2752 852 2805 tum
866 2745 1045 2805 humanitate
1060 2752 1089 2805 ιι
1103 2746 1237 2821 precibus

10 2840 13 2925 ξ
71 2864 167 2908 earum
181 2850 250 2908 uicti
263 2850 411 2924 paulisper
425 2850 464 2909 cd
477 2850 591 2923 repotia
609 2849 795 2908 consedimus.
819 2852 858 2909 Et
872 2868 931 2912 ιιι
945 2867 981 2910 ex
994 2852 1039 2910 his
1054 2852 1236 2924 mulierculis,

10 3036 12 3041 Ι
70 2968 131 3025 quae
146 2954 291 3028 quondam
314 2955 352 3014 ab
374 2970 428 3013 avo
448 2955 545 3013 uxoris
565 2960 671 3014 nostrae
692 2955 904 3029 eWestphalia
923 2973 957 3015 ιο
980 2957 1105 3017 adducta
1124 2962 1189 3015 erat
1208 2961 1239 3014 ιι

69 3059 108 3118 illi
122 3059 244 3119 servivit
262 3060 294 3118 in
314 3059 400 3118 rebus
420 3062 513 3119 minus
535 3059 662 3118 honestis
677 3075 752 3117 nunc
771 3060 810 3119 ad
825 3061 971 3120 dominnm
988 3078 1126 3120 conversa
1141 3060 1239 3133 agnita

10 3160 13 3203 ἵ
70 3163 211 3237 evangelii
224 3165 347 3223 scritate
360 3163 494 3236 lacrymis
509 3164 636 3236 undique
652 3163 760 3224 obortis
775 3165 918 3224 Eubulum
938 3166 1042 3226 obnixe
1057 3165 1236 3240 hortabatur,

68 3275 99 3329 ut
112 3284 179 3329 cum
192 3283 284 3327 uxore
297 3270 329 3327 in
343 3267 521 3329 confessione
537 3267 644 3327 christi
658 3274 789 3340 perstare
803 3271 896 3328 velim.

156 3371 327 3432 Guntherus·
339 3388 433 3432 comes
448 3375 493 3433 vel
508 3375 552 3432 sui
567 3372 744 3447 Anastasia,
768 3390 805 3432 ιι
820 3374 912 3433 dicam
926 3376 1027 3447 nostri,
1044 3376 1123 3434 velut
1137 3375 1238 3449 Mega-

68 3479 195 3538 rensium
210 3477 320 3537 nullam
334 3479 475 3537 rationem
495 3479 674 3553 habuerunt,
698 3496 750 3537 ιιι
771 3477 923 3537 sodaHtate
943 3496 996 3537 nec
1018 3477 1107 3539 affatu
1126 3478 1241 3553 quidem

69 3583 230 3659 dignantes.
252 3583 330 3642 Dum
343 3600 417 3648 uxor
431 3603 449 3644 a
465 3584 579 3645 domina
592 3589 684 3643 matre
699 3584 864 3645 divellenda
877 3589 962 3657 esset,
981 3585 1064 3657 jnxta
1080 3583 1241 3642 Salomonis

70 3689 255 3763 senteutiam,
282 3694 412 3750 extrema
432 3689 530 3764 gaudii
549 3689 643 3749 luctus
659 3694 794 3764 occupat,
818 3706 872 3749 nec
886 3705 940 3762 ego
954 3687 1003 3746 hic
1017 3685 1169 3746 admodum
1183 3684 1242 3745 fer·

69 3808 145 3854 rcus.
168 3795 226 3854 Vix
241 3795 318 3854 enim
333 3795 428 3855 socrui
442 3801 472 3854 et
486 3794 589 3853 ceteris
604 3810 663 3868 prae
678 3811 809 3871 maerore,
825 3801 859 3854 ut
872 3792 1002 3865 decebat,
1026 3793 1135 3865 gratias
1156 3807 1244 3865 agere

70 3907 210 3975 poteram.
248 3899 289 3959 At
309 3900 427 3960 tandem
446 3901 582 3972 utrinque
603 3916 656 3958 nos
679 3900 734 3960 deo
755 3901 961 3959 committentes
982 3912 1036 3971 ego
1056 3913 1120 3956 cum
1134 3895 1243 3956 familia

70 4019 133 4066 mea
146 4005 257 4080 primus
272 4006 355 4067 abeo.
378 4006 455 4065 Nam
469 4006 564 4065 socrui
577 4004 683 4064 ibidem
698 4004 792 4066 adhuc
810 3997 932 4080 negocia
951 4004 1048 4076 ahons
1062 4008 1156 4080 eraut,
1177 4019 1242 4078 oues

961 4113 1005 4174 lb
1020 4109 1038 4147 ἰ
