<?xml version="1.0" encoding="UTF-8"?>
<!DOCTYPE html PUBLIC "-//W3C//DTD XHTML 1.0 Transitional//EN"
    "http://www.w3.org/TR/xhtml1/DTD/xhtml1-transitional.dtd">
<html xmlns="http://www.w3.org/1999/xhtml" xml:lang="en" lang="en">
 <head>
  <title>
</title>
<meta http-equiv="Content-Type" content="text/html;charset=utf-8" />
  <meta name='ocr-system' content='tesseract 3.04.00' />
  <meta name='ocr-capabilities' content='ocr_page ocr_carea ocr_par ocr_line ocrx_word'/>
</head>
<body>
  <div class='ocr_page' id='page_1' title='image "./desgrafenwolrad00trosgoog_0044.png"; bbox 0 0 2678 4546; ppageno 0'>
   <div class='ocr_carea' id='block_1_1' title="bbox 61 209 1245 4057">
    <p class='ocr_par' dir='ltr' id='par_1_1' title="bbox 62 209 1237 498">
     <span class='ocr_line' id='line_1_1' title="bbox 153 209 1233 288; baseline 0.003 -17"><span class='ocrx_word' id='word_1_1' title='bbox 153 210 403 286; x_wconf 81' lang='lat' dir='ltr'><strong>Constantinopoli</strong></span> <span class='ocrx_word' id='word_1_2' title='bbox 424 211 512 271; x_wconf 88' lang='lat' dir='ltr'><strong>etiam</strong></span> <span class='ocrx_word' id='word_1_3' title='bbox 532 209 698 285; x_wconf 72' lang='lat' dir='ltr'><strong>refragante</strong></span> <span class='ocrx_word' id='word_1_4' title='bbox 717 211 884 286; x_wconf 87' lang='lat' dir='ltr'><strong>patriarcha</strong></span> <span class='ocrx_word' id='word_1_5' title='bbox 903 213 1092 287; x_wconf 80' lang='lat' dir='ltr'>permissione</span> <span class='ocrx_word' id='word_1_6' title='bbox 1110 215 1233 288; x_wconf 90' lang='lat' dir='ltr'><strong>impera·</strong></span> 
     </span>
     <span class='ocr_line' id='line_1_2' title="bbox 62 315 1237 391; baseline 0.003 -15"><span class='ocrx_word' id='word_1_7' title='bbox 62 317 135 376; x_wconf 89' lang='lat' dir='ltr'><strong>toris</strong></span> <span class='ocrx_word' id='word_1_8' title='bbox 151 317 255 375; x_wconf 90' lang='lat' dir='ltr'><strong>turcici</strong></span> <span class='ocrx_word' id='word_1_9' title='bbox 270 317 388 377; x_wconf 84' lang='lat' dir='ltr'><strong>verbum</strong></span> <span class='ocrx_word' id='word_1_10' title='bbox 403 317 512 376; x_wconf 89' lang='lat' dir='ltr'><strong>domini</strong></span> <span class='ocrx_word' id='word_1_11' title='bbox 526 317 637 375; x_wconf 91' lang='lat' dir='ltr'><strong>sincere</strong></span> <span class='ocrx_word' id='word_1_12' title='bbox 658 315 841 391; x_wconf 77' lang='lat' dir='ltr'><strong>predicatur.</strong></span> <span class='ocrx_word' id='word_1_13' title='bbox 873 316 1042 379; x_wconf 83' lang='lat' dir='ltr'><strong>Gerhardus</strong></span> <span class='ocrx_word' id='word_1_14' title='bbox 1063 317 1237 379; x_wconf 80' lang='lat' dir='ltr'><strong>Heddewieh</strong></span> 
     </span>
     <span class='ocr_line' id='line_1_3' title="bbox 64 421 928 498; baseline 0.003 -18"><span class='ocrx_word' id='word_1_15' title='bbox 64 421 245 480; x_wconf 85' lang='lat' dir='ltr'><strong>Ferdinandi</strong></span> <span class='ocrx_word' id='word_1_16' title='bbox 260 423 336 494; x_wconf 85' lang='lat' dir='ltr'><strong>regis</strong></span> <span class='ocrx_word' id='word_1_17' title='bbox 350 421 390 480; x_wconf 90' lang='lat' dir='ltr'><strong>ad</strong></span> <span class='ocrx_word' id='word_1_18' title='bbox 406 422 530 481; x_wconf 81' lang='lat' dir='ltr'><strong>Turtam</strong></span> <span class='ocrx_word' id='word_1_19' title='bbox 545 424 702 496; x_wconf 79' lang='lat' dir='ltr'><strong>saepissime</strong></span> <span class='ocrx_word' id='word_1_20' title='bbox 718 424 844 497; x_wconf 91' lang='lat' dir='ltr'><strong>legatum</strong></span> <span class='ocrx_word' id='word_1_21' title='bbox 858 427 928 498; x_wconf 86' lang='lat' dir='ltr'><strong>agit</strong></span> 
     </span>
    </p>

    <p class='ocr_par' dir='ltr' id='par_1_2' title="bbox 66 525 1235 706">
     <span class='ocr_line' id='line_1_4' title="bbox 154 525 1235 604; baseline 0.003 -19"><span class='ocrx_word' id='word_1_22' title='bbox 154 526 235 586; x_wconf 83' lang='lat' dir='ltr'><strong>Nota</strong></span> <span class='ocrx_word' id='word_1_23' title='bbox 248 525 403 588; x_wconf 84' lang='lat' dir='ltr'><strong>Pedionaeo</strong></span> <span class='ocrx_word' id='word_1_24' title='bbox 417 534 510 602; x_wconf 76' lang='lat' dir='ltr'><strong>poete</strong></span> <span class='ocrx_word' id='word_1_25' title='bbox 526 527 564 604; x_wconf 86' lang='lat' dir='ltr'><strong>(si</strong></span> <span class='ocrx_word' id='word_1_26' title='bbox 578 528 633 588; x_wconf 88' lang='lat' dir='ltr'><strong>diis</strong></span> <span class='ocrx_word' id='word_1_27' title='bbox 648 526 755 603; x_wconf 88' lang='lat' dir='ltr'><strong>placet)</strong></span> <span class='ocrx_word' id='word_1_28' title='bbox 778 528 1014 602; x_wconf 71' lang='lat' dir='ltr'><strong>ingratitudinem</strong></span> <span class='ocrx_word' id='word_1_29' title='bbox 1032 529 1071 590; x_wconf 90' lang='lat' dir='ltr'><strong>ab</strong></span> <span class='ocrx_word' id='word_1_30' title='bbox 1080 528 1235 604; x_wconf 64' lang='lat' dir='ltr'><strong>,Anguste-</strong></span> 
     </span>
     <span class='ocr_line' id='line_1_5' title="bbox 66 632 224 706; baseline 0 -15"><span class='ocrx_word' id='word_1_31' title='bbox 66 634 110 691; x_wconf 89' lang='lat' dir='ltr'><strong>nis</strong></span> <span class='ocrx_word' id='word_1_32' title='bbox 126 632 224 706; x_wconf 84' lang='lat' dir='ltr'><strong>objici</strong></span> 
     </span>
    </p>

    <p class='ocr_par' dir='ltr' id='par_1_3' title="bbox 66 737 1237 917">
     <span class='ocr_line' id='line_1_6' title="bbox 156 737 1237 815; baseline 0.002 -18"><span class='ocrx_word' id='word_1_33' title='bbox 156 737 272 797; x_wconf 77' lang='lat' dir='ltr'><strong>Uiticus</strong></span> <span class='ocrx_word' id='word_1_34' title='bbox 283 737 544 812; x_wconf 80' lang='lat' dir='ltr'><strong>wirtembergensis</strong></span> <span class='ocrx_word' id='word_1_35' title='bbox 560 737 620 797; x_wconf 86' lang='lat' dir='ltr'><strong>dux</strong></span> <span class='ocrx_word' id='word_1_36' title='bbox 634 739 725 797; x_wconf 90' lang='lat' dir='ltr'><strong>multa</strong></span> <span class='ocrx_word' id='word_1_37' title='bbox 739 737 877 797; x_wconf 84' lang='lat' dir='ltr'><strong>devorare</strong></span> <span class='ocrx_word' id='word_1_38' title='bbox 893 739 1013 814; x_wconf 89' lang='lat' dir='ltr'><strong>cogitur,</strong></span> <span class='ocrx_word' id='word_1_39' title='bbox 1037 739 1088 799; x_wconf 89' lang='lat' dir='ltr'><strong>sed</strong></span> <span class='ocrx_word' id='word_1_40' title='bbox 1102 755 1168 815; x_wconf 93' lang='lat' dir='ltr'><strong>spes</strong></span> <span class='ocrx_word' id='word_1_41' title='bbox 1183 747 1237 815; x_wconf 80' lang='lat' dir='ltr'><strong>est,</strong></span> 
     </span>
     <span class='ocr_line' id='line_1_7' title="bbox 66 843 849 917; baseline -0.001 -16"><span class='ocrx_word' id='word_1_42' title='bbox 66 849 233 917; x_wconf 78' lang='lat' dir='ltr'>sperantem</span> <span class='ocrx_word' id='word_1_43' title='bbox 247 845 277 901; x_wconf 93' lang='lat' dir='ltr'><strong>in</strong></span> <span class='ocrx_word' id='word_1_44' title='bbox 292 843 445 903; x_wconf 89' lang='lat' dir='ltr'><strong>Dominum</strong></span> <span class='ocrx_word' id='word_1_45' title='bbox 459 843 657 902; x_wconf 66' lang='lat' dir='ltr'><strong>misericordia</strong></span> <span class='ocrx_word' id='word_1_46' title='bbox 670 843 849 902; x_wconf 86' lang='lat' dir='ltr'><strong>circumdari.</strong></span> 
     </span>
    </p>

    <p class='ocr_par' dir='ltr' id='par_1_4' title="bbox 66 945 1236 1114">
     <span class='ocr_line' id='line_1_8' title="bbox 155 945 1236 1025; baseline 0 -16"><span class='ocrx_word' id='word_1_47' title='bbox 155 950 296 1009; x_wconf 87' lang='lat' dir='ltr'><strong>Dominus</strong></span> <span class='ocrx_word' id='word_1_48' title='bbox 307 949 343 1010; x_wconf 89' lang='lat' dir='ltr'><strong>de</strong></span> <span class='ocrx_word' id='word_1_49' title='bbox 353 949 442 1025; x_wconf 85' lang='lat' dir='ltr'><strong>Lyra,</strong></span> <span class='ocrx_word' id='word_1_50' title='bbox 459 951 509 1023; x_wconf 88' lang='lat' dir='ltr'><strong>qui</strong></span> <span class='ocrx_word' id='word_1_51' title='bbox 519 950 606 1010; x_wconf 90' lang='lat' dir='ltr'><strong>etiam</strong></span> <span class='ocrx_word' id='word_1_52' title='bbox 617 947 700 1010; x_wconf 94' lang='lat' dir='ltr'><strong>nobis</strong></span> <span class='ocrx_word' id='word_1_53' title='bbox 714 947 862 1007; x_wconf 91' lang='lat' dir='ltr'><strong>adeundus</strong></span> <span class='ocrx_word' id='word_1_54' title='bbox 876 945 987 1022; x_wconf 80' lang='lat' dir='ltr'><strong>fuisset,</strong></span> <span class='ocrx_word' id='word_1_55' title='bbox 1003 949 1077 1008; x_wconf 80' lang='lat' dir='ltr'><strong>leco</strong></span> <span class='ocrx_word' id='word_1_56' title='bbox 1092 954 1236 1023; x_wconf 76' lang='lat' dir='ltr'><strong>egrouns</strong></span> 
     </span>
     <span class='ocr_line' id='line_1_9' title="bbox 66 1052 223 1114; baseline 0.006 -2"><span class='ocrx_word' id='word_1_57' title='bbox 66 1052 223 1114; x_wconf 86' lang='lat' dir='ltr'><strong>decumbit</strong></span> 
     </span>
    </p>

    <p class='ocr_par' dir='ltr' id='par_1_5' title="bbox 65 1155 1238 1430">
     <span class='ocr_line' id='line_1_10' title="bbox 157 1155 1233 1236; baseline -0.002 -15"><span class='ocrx_word' id='word_1_58' title='bbox 157 1161 304 1221; x_wconf 89' lang='lat' dir='ltr'><strong>Sertorius</strong></span> <span class='ocrx_word' id='word_1_59' title='bbox 317 1162 439 1221; x_wconf 82' lang='lat' dir='ltr'><strong>Basiieae</strong></span> <span class='ocrx_word' id='word_1_60' title='bbox 453 1177 507 1236; x_wconf 94' lang='lat' dir='ltr'><strong>pro</strong></span> <span class='ocrx_word' id='word_1_61' title='bbox 521 1162 598 1220; x_wconf 92' lang='lat' dir='ltr'><strong>mille</strong></span> <span class='ocrx_word' id='word_1_62' title='bbox 614 1166 643 1220; x_wconf 92' lang='lat' dir='ltr'><strong>et</strong></span> <span class='ocrx_word' id='word_1_63' title='bbox 657 1159 793 1219; x_wconf 80' lang='lat' dir='ltr'><strong>trecentis</strong></span> <span class='ocrx_word' id='word_1_64' title='bbox 807 1155 922 1219; x_wconf 89' lang='lat' dir='ltr'><strong>florenis</strong></span> <span class='ocrx_word' id='word_1_65' title='bbox 937 1157 1014 1218; x_wconf 76' lang='lat' dir='ltr'><strong>sedes</strong></span> <span class='ocrx_word' id='word_1_66' title='bbox 1030 1164 1147 1219; x_wconf 90' lang='lat' dir='ltr'><strong>emerat.</strong></span> <span class='ocrx_word' id='word_1_67' title='bbox 1176 1160 1233 1220; x_wconf 84' lang='lat' dir='ltr'><strong>Ve-</strong></span> 
     </span>
     <span class='ocr_line' id='line_1_11' title="bbox 65 1264 1238 1342; baseline 0.003 -18"><span class='ocrx_word' id='word_1_68' title='bbox 65 1283 130 1324; x_wconf 91' lang='lat' dir='ltr'><strong>rum</strong></span> <span class='ocrx_word' id='word_1_69' title='bbox 144 1266 195 1325; x_wconf 93' lang='lat' dir='ltr'><strong>ubi</strong></span> <span class='ocrx_word' id='word_1_70' title='bbox 207 1265 392 1326; x_wconf 73' lang='lat' dir='ltr'><strong>Sebastianus</strong></span> <span class='ocrx_word' id='word_1_71' title='bbox 401 1267 612 1342; x_wconf 88' lang='lat' dir='ltr'><strong>Vogeisperger</strong></span> <span class='ocrx_word' id='word_1_72' title='bbox 621 1267 715 1340; x_wconf 85' lang='lat' dir='ltr'><strong>capite</strong></span> <span class='ocrx_word' id='word_1_73' title='bbox 730 1265 831 1339; x_wconf 85' lang='lat' dir='ltr'><strong>plexos</strong></span> <span class='ocrx_word' id='word_1_74' title='bbox 846 1273 900 1340; x_wconf 91' lang='lat' dir='ltr'><strong>est,</strong></span> <span class='ocrx_word' id='word_1_75' title='bbox 918 1266 1059 1326; x_wconf 87' lang='lat' dir='ltr'><strong>Scherteil</strong></span> <span class='ocrx_word' id='word_1_76' title='bbox 1073 1268 1104 1324; x_wconf 93' lang='lat' dir='ltr'><strong>in</strong></span> <span class='ocrx_word' id='word_1_77' title='bbox 1114 1264 1238 1327; x_wconf 79' lang='lat' dir='ltr'><strong>Gallim</strong></span> 
     </span>
     <span class='ocr_line' id='line_1_12' title="bbox 65 1372 220 1430; baseline 0 -2"><span class='ocrx_word' id='word_1_78' title='bbox 65 1372 220 1430; x_wconf 83' lang='lat' dir='ltr'><strong>concessit.</strong></span> 
     </span>
    </p>

    <p class='ocr_par' dir='ltr' id='par_1_6' title="bbox 155 1474 461 1537">
     <span class='ocr_line' id='line_1_13' title="bbox 155 1474 461 1537; baseline 0.007 -3"><span class='ocrx_word' id='word_1_79' title='bbox 155 1476 204 1535; x_wconf 87' lang='lat' dir='ltr'><strong>Ex</strong></span> <span class='ocrx_word' id='word_1_80' title='bbox 218 1474 338 1535; x_wconf 87' lang='lat' dir='ltr'><strong>Interim</strong></span> <span class='ocrx_word' id='word_1_81' title='bbox 352 1476 461 1537; x_wconf 82' lang='lat' dir='ltr'><strong>interit·</strong></span> 
     </span>
    </p>

    <p class='ocr_par' dir='ltr' id='par_1_7' title="bbox 65 1579 1237 1762">
     <span class='ocr_line' id='line_1_14' title="bbox 156 1579 1237 1658; baseline 0.004 -19"><span class='ocrx_word' id='word_1_82' title='bbox 156 1580 237 1641; x_wconf 86' lang='lat' dir='ltr'><strong>Nota</strong></span> <span class='ocrx_word' id='word_1_83' title='bbox 250 1581 287 1641; x_wconf 89' lang='lat' dir='ltr'><strong>de</strong></span> <span class='ocrx_word' id='word_1_84' title='bbox 300 1579 412 1640; x_wconf 83' lang='lat' dir='ltr'><strong>Biicido</strong></span> <span class='ocrx_word' id='word_1_85' title='bbox 428 1588 457 1642; x_wconf 94' lang='lat' dir='ltr'><strong>et</strong></span> <span class='ocrx_word' id='word_1_86' title='bbox 472 1598 516 1656; x_wconf 89' lang='lat' dir='ltr'><strong>eo,</strong></span> <span class='ocrx_word' id='word_1_87' title='bbox 533 1583 584 1655; x_wconf 89' lang='lat' dir='ltr'><strong>qui</strong></span> <span class='ocrx_word' id='word_1_88' title='bbox 599 1599 630 1641; x_wconf 93' lang='lat' dir='ltr'><strong>se</strong></span> <span class='ocrx_word' id='word_1_89' title='bbox 645 1584 687 1642; x_wconf 92' lang='lat' dir='ltr'><strong>iiii</strong></span> <span class='ocrx_word' id='word_1_90' title='bbox 702 1585 733 1642; x_wconf 93' lang='lat' dir='ltr'><strong>in</strong></span> <span class='ocrx_word' id='word_1_91' title='bbox 747 1590 935 1657; x_wconf 87' lang='lat' dir='ltr'><strong>personatum</strong></span> <span class='ocrx_word' id='word_1_92' title='bbox 948 1581 1086 1643; x_wconf 91' lang='lat' dir='ltr'><strong>iamulum</strong></span> <span class='ocrx_word' id='word_1_93' title='bbox 1095 1582 1237 1658; x_wconf 85' lang='lat' dir='ltr'><strong>adjunxit,</strong></span> 
     </span>
     <span class='ocr_line' id='line_1_15' title="bbox 65 1686 1236 1762; baseline 0.003 -17"><span class='ocrx_word' id='word_1_94' title='bbox 65 1702 123 1760; x_wconf 90' lang='lat' dir='ltr'><strong>quo</strong></span> <span class='ocrx_word' id='word_1_95' title='bbox 138 1686 278 1759; x_wconf 81' lang='lat' dir='ltr'><strong>nequitim</strong></span> <span class='ocrx_word' id='word_1_96' title='bbox 294 1703 353 1746; x_wconf 80' lang='lat' dir='ltr'><strong>suae</strong></span> <span class='ocrx_word' id='word_1_97' title='bbox 369 1704 476 1761; x_wconf 78' lang='lat' dir='ltr'><strong>gnerus</strong></span> <span class='ocrx_word' id='word_1_98' title='bbox 490 1690 610 1762; x_wconf 89' lang='lat' dir='ltr'><strong>nostris,</strong></span> <span class='ocrx_word' id='word_1_99' title='bbox 631 1688 701 1761; x_wconf 90' lang='lat' dir='ltr'><strong>quid</strong></span> <span class='ocrx_word' id='word_1_100' title='bbox 715 1689 825 1748; x_wconf 87' lang='lat' dir='ltr'><strong>bicolor</strong></span> <span class='ocrx_word' id='word_1_101' title='bbox 839 1689 888 1748; x_wconf 90' lang='lat' dir='ltr'><strong>iiie</strong></span> <span class='ocrx_word' id='word_1_102' title='bbox 902 1691 1058 1749; x_wconf 88' lang='lat' dir='ltr'><strong>monachus</strong></span> <span class='ocrx_word' id='word_1_103' title='bbox 1078 1690 1236 1761; x_wconf 88' lang='lat' dir='ltr'><strong>moliretur,</strong></span> 
     </span>
    </p>

    <p class='ocr_par' dir='ltr' id='par_1_8' title="bbox 61 1792 1078 1868">
     <span class='ocr_line' id='line_1_16' title="bbox 61 1792 1078 1868; baseline -0.005 -11"><span class='ocrx_word' id='word_1_104' title='bbox 61 1793 199 1857; x_wconf 78' lang='lat' dir='ltr'><strong>,revelare</strong></span> <span class='ocrx_word' id='word_1_105' title='bbox 212 1797 321 1868; x_wconf 89' lang='lat' dir='ltr'><strong>posset,</strong></span> <span class='ocrx_word' id='word_1_106' title='bbox 338 1808 436 1851; x_wconf 86' lang='lat' dir='ltr'><strong>verum</strong></span> <span class='ocrx_word' id='word_1_107' title='bbox 451 1792 518 1852; x_wconf 89' lang='lat' dir='ltr'><strong>dolo</strong></span> <span class='ocrx_word' id='word_1_108' title='bbox 533 1794 646 1853; x_wconf 86' lang='lat' dir='ltr'><strong>detecto</strong></span> <span class='ocrx_word' id='word_1_109' title='bbox 661 1796 691 1852; x_wconf 94' lang='lat' dir='ltr'><strong>in</strong></span> <span class='ocrx_word' id='word_1_110' title='bbox 705 1810 850 1853; x_wconf 79' lang='lat' dir='ltr'><strong>eaucerem</strong></span> <span class='ocrx_word' id='word_1_111' title='bbox 865 1794 1010 1868; x_wconf 89' lang='lat' dir='ltr'><strong>conjectus</strong></span> <span class='ocrx_word' id='word_1_112' title='bbox 1025 1800 1078 1852; x_wconf 90' lang='lat' dir='ltr'><strong>est.</strong></span> 
     </span>
    </p>

    <p class='ocr_par' dir='ltr' id='par_1_9' title="bbox 66 1895 1239 2079">
     <span class='ocr_line' id='line_1_17' title="bbox 154 1895 1239 1961; baseline 0.002 -5"><span class='ocrx_word' id='word_1_113' title='bbox 154 1895 299 1957; x_wconf 84' lang='lat' dir='ltr'><strong>Melebior&#39;</strong></span> <span class='ocrx_word' id='word_1_114' title='bbox 311 1898 424 1959; x_wconf 89' lang='lat' dir='ltr'><strong>Linden</strong></span> <span class='ocrx_word' id='word_1_115' title='bbox 439 1898 522 1961; x_wconf 89' lang='lat' dir='ltr'><strong>nobis</strong></span> <span class='ocrx_word' id='word_1_116' title='bbox 531 1900 767 1960; x_wconf 85' lang='lat' dir='ltr'><strong>consultationem</strong></span> <span class='ocrx_word' id='word_1_117' title='bbox 777 1898 889 1958; x_wconf 83' lang='lat' dir='ltr'><strong>Claudii</strong></span> <span class='ocrx_word' id='word_1_118' title='bbox 900 1898 1099 1958; x_wconf 74' lang='lat' dir='ltr'><strong>candumulae</strong></span> <span class='ocrx_word' id='word_1_119' title='bbox 1108 1898 1139 1957; x_wconf 92' lang='lat' dir='ltr'><strong>in</strong></span> <span class='ocrx_word' id='word_1_120' title='bbox 1152 1912 1239 1958; x_wconf 87' lang='lat' dir='ltr'><strong>causa</strong></span> 
     </span>
     <span class='ocr_line' id='line_1_18' title="bbox 66 1982 1111 2079; baseline 0.007 -18"><span class='ocrx_word' id='word_1_121' title='bbox 66 2001 413 2079; x_wconf 89' lang='lat' dir='ltr'><strong>Hoiensiumdescripsit.</strong></span> <span class='ocrx_word' id='word_1_122' title='bbox 1108 1982 1111 1986; x_wconf 11' lang='grc' dir='ltr'><strong>λ</strong></span> 
     </span>
    </p>

    <p class='ocr_par' dir='ltr' id='par_1_10' title="bbox 71 2106 1243 3234">
     <span class='ocr_line' id='line_1_19' title="bbox 154 2106 1237 2186; baseline 0.002 -20"><span class='ocrx_word' id='word_1_123' title='bbox 154 2106 373 2169; x_wconf 86' lang='lat' dir='ltr'><strong>Bemhardinus</strong></span> <span class='ocrx_word' id='word_1_124' title='bbox 394 2107 520 2168; x_wconf 88' lang='lat' dir='ltr'><strong>Ochinus</strong></span> <span class='ocrx_word' id='word_1_125' title='bbox 541 2114 570 2169; x_wconf 93' lang='lat' dir='ltr'><strong>et</strong></span> <span class='ocrx_word' id='word_1_126' title='bbox 590 2109 694 2170; x_wconf 88' lang='lat' dir='ltr'><strong>Petrus</strong></span> <span class='ocrx_word' id='word_1_127' title='bbox 714 2112 830 2185; x_wconf 85' lang='lat' dir='ltr'><strong>Martyr</strong></span> <span class='ocrx_word' id='word_1_128' title='bbox 849 2114 879 2171; x_wconf 89' lang='lat' dir='ltr'><strong>in</strong></span> <span class='ocrx_word' id='word_1_129' title='bbox 899 2112 1032 2186; x_wconf 87' lang='lat' dir='ltr'><strong>Angiiam</strong></span> <span class='ocrx_word' id='word_1_130' title='bbox 1051 2111 1145 2171; x_wconf 85' lang='lat' dir='ltr'><strong>vocati</strong></span> <span class='ocrx_word' id='word_1_131' title='bbox 1160 2115 1237 2169; x_wconf 84' lang='lat' dir='ltr'><strong>sunt</strong></span> 
     </span>
     <span class='ocr_line' id='line_1_20' title="bbox 71 2210 1238 2288; baseline 0.004 -19"><span class='ocrx_word' id='word_1_132' title='bbox 71 2210 218 2273; x_wconf 81' lang='lat' dir='ltr'><strong>Musonius</strong></span> <span class='ocrx_word' id='word_1_133' title='bbox 232 2215 284 2287; x_wconf 91' lang='lat' dir='ltr'><strong>ait,</strong></span> <span class='ocrx_word' id='word_1_134' title='bbox 299 2212 450 2273; x_wconf 88' lang='lat' dir='ltr'><strong>Germania</strong></span> <span class='ocrx_word' id='word_1_135' title='bbox 465 2215 615 2274; x_wconf 89' lang='lat' dir='ltr'><strong>audaciam</strong></span> <span class='ocrx_word' id='word_1_136' title='bbox 630 2224 660 2275; x_wconf 90' lang='lat' dir='ltr'><strong>et</strong></span> <span class='ocrx_word' id='word_1_137' title='bbox 674 2219 750 2278; x_wconf 85' lang='lat' dir='ltr'><strong>vires</strong></span> <span class='ocrx_word' id='word_1_138' title='bbox 765 2235 884 2278; x_wconf 84' lang='lat' dir='ltr'><strong>necnon</strong></span> <span class='ocrx_word' id='word_1_139' title='bbox 893 2221 1012 2277; x_wconf 88' lang='lat' dir='ltr'><strong>martios</strong></span> <span class='ocrx_word' id='word_1_140' title='bbox 1026 2213 1238 2288; x_wconf 78' lang='lat' dir='ltr'><strong>animositates,</strong></span> 
     </span>
     <span class='ocr_line' id='line_1_21' title="bbox 75 2318 1241 2396; baseline 0 -18"><span class='ocrx_word' id='word_1_141' title='bbox 75 2318 172 2391; x_wconf 81' lang='lat' dir='ltr'><strong>quibus</strong></span> <span class='ocrx_word' id='word_1_142' title='bbox 187 2320 213 2378; x_wconf 91' lang='lat' dir='ltr'><strong>si</strong></span> <span class='ocrx_word' id='word_1_143' title='bbox 227 2326 294 2395; x_wconf 94' lang='lat' dir='ltr'><strong>post</strong></span> <span class='ocrx_word' id='word_1_144' title='bbox 309 2320 403 2380; x_wconf 89' lang='lat' dir='ltr'><strong>Deum</strong></span> <span class='ocrx_word' id='word_1_145' title='bbox 417 2323 463 2381; x_wconf 92' lang='lat' dir='ltr'><strong>usi</strong></span> <span class='ocrx_word' id='word_1_146' title='bbox 476 2319 608 2396; x_wconf 87' lang='lat' dir='ltr'><strong>inissent,</strong></span> <span class='ocrx_word' id='word_1_147' title='bbox 625 2339 682 2382; x_wconf 92' lang='lat' dir='ltr'><strong>non</strong></span> <span class='ocrx_word' id='word_1_148' title='bbox 697 2322 770 2383; x_wconf 86' lang='lat' dir='ltr'><strong>forte</strong></span> <span class='ocrx_word' id='word_1_149' title='bbox 786 2324 823 2383; x_wconf 87' lang='lat' dir='ltr'><strong>ab</strong></span> <span class='ocrx_word' id='word_1_150' title='bbox 838 2327 945 2385; x_wconf 83' lang='lat' dir='ltr'><strong>exteris</strong></span> <span class='ocrx_word' id='word_1_151' title='bbox 961 2324 1125 2383; x_wconf 82' lang='lat' dir='ltr'><strong>notionibus</strong></span> <span class='ocrx_word' id='word_1_152' title='bbox 1140 2322 1183 2380; x_wconf 91' lang='lat' dir='ltr'><strong>sic</strong></span> <span class='ocrx_word' id='word_1_153' title='bbox 1196 2319 1241 2396; x_wconf 85' lang='lat' dir='ltr'><strong>(ut</strong></span> 
     </span>
     <span class='ocr_line' id='line_1_22' title="bbox 76 2424 1238 2503; baseline 0.004 -22"><span class='ocrx_word' id='word_1_154' title='bbox 76 2424 141 2495; x_wconf 89' lang='lat' dir='ltr'><strong>prob</strong></span> <span class='ocrx_word' id='word_1_155' title='bbox 157 2424 242 2484; x_wconf 76' lang='lat' dir='ltr'><strong>duim</strong></span> <span class='ocrx_word' id='word_1_156' title='bbox 255 2442 304 2484; x_wconf 90' lang='lat' dir='ltr'><strong>res</strong></span> <span class='ocrx_word' id='word_1_157' title='bbox 318 2426 383 2501; x_wconf 91' lang='lat' dir='ltr'><strong>ipsa</strong></span> <span class='ocrx_word' id='word_1_158' title='bbox 400 2426 536 2501; x_wconf 88' lang='lat' dir='ltr'><strong>testatur)</strong></span> <span class='ocrx_word' id='word_1_159' title='bbox 558 2429 734 2503; x_wconf 86' lang='lat' dir='ltr'><strong>pessumdati</strong></span> <span class='ocrx_word' id='word_1_160' title='bbox 754 2427 859 2489; x_wconf 89' lang='lat' dir='ltr'><strong>forent.</strong></span> <span class='ocrx_word' id='word_1_161' title='bbox 891 2429 949 2489; x_wconf 87' lang='lat' dir='ltr'><strong>Sed</strong></span> <span class='ocrx_word' id='word_1_162' title='bbox 970 2429 1037 2487; x_wconf 89' lang='lat' dir='ltr'><strong>dum</strong></span> <span class='ocrx_word' id='word_1_163' title='bbox 1058 2431 1166 2502; x_wconf 84' lang='lat' dir='ltr'><strong>praeter</strong></span> <span class='ocrx_word' id='word_1_164' title='bbox 1187 2439 1238 2498; x_wconf 80' lang='lat' dir='ltr'><strong>pu·</strong></span> 
     </span>
     <span class='ocr_line' id='line_1_23' title="bbox 79 2511 1241 2608; baseline 0 -20"><span class='ocrx_word' id='word_1_165' title='bbox 79 2511 157 2588; x_wconf 84' lang='lat' dir='ltr'><strong>trium</strong></span> <span class='ocrx_word' id='word_1_166' title='bbox 171 2531 364 2606; x_wconf 86' lang='lat' dir='ltr'><strong>ingeniumet</strong></span> <span class='ocrx_word' id='word_1_167' title='bbox 377 2533 433 2604; x_wconf 92' lang='lat' dir='ltr'><strong>ipsi</strong></span> <span class='ocrx_word' id='word_1_168' title='bbox 448 2532 528 2592; x_wconf 89' lang='lat' dir='ltr'><strong>doios</strong></span> <span class='ocrx_word' id='word_1_169' title='bbox 544 2539 574 2592; x_wconf 94' lang='lat' dir='ltr'><strong>et</strong></span> <span class='ocrx_word' id='word_1_170' title='bbox 589 2530 705 2593; x_wconf 80' lang='lat' dir='ltr'><strong>fraudes</strong></span> <span class='ocrx_word' id='word_1_171' title='bbox 721 2534 891 2608; x_wconf 84' lang='lat' dir='ltr'><strong>suscipiunt,</strong></span> <span class='ocrx_word' id='word_1_172' title='bbox 912 2533 1047 2592; x_wconf 87' lang='lat' dir='ltr'><strong>astutiam</strong></span> <span class='ocrx_word' id='word_1_173' title='bbox 1064 2528 1076 2565; x_wconf 90' lang='lat'>¹</span> <span class='ocrx_word' id='word_1_174' title='bbox 1097 2527 1241 2590; x_wconf 87' lang='lat' dir='ltr'><strong>dolosissi-</strong></span> 
     </span>
     <span class='ocr_line' id='line_1_24' title="bbox 80 2636 1242 2711; baseline 0.002 -18"><span class='ocrx_word' id='word_1_175' title='bbox 80 2648 124 2693; x_wconf 84' lang='lat' dir='ltr'><strong>nae</strong></span> <span class='ocrx_word' id='word_1_176' title='bbox 137 2636 247 2696; x_wconf 79' lang='lat' dir='ltr'><strong>Iteiicae</strong></span> <span class='ocrx_word' id='word_1_177' title='bbox 262 2637 465 2711; x_wconf 77' lang='lat' dir='ltr'><strong>etHispanicte</strong></span> <span class='ocrx_word' id='word_1_178' title='bbox 481 2640 575 2711; x_wconf 90' lang='lat' dir='ltr'><strong>gentis</strong></span> <span class='ocrx_word' id='word_1_179' title='bbox 591 2639 628 2699; x_wconf 85' lang='lat' dir='ltr'><strong>ab</strong></span> <span class='ocrx_word' id='word_1_180' title='bbox 643 2639 713 2711; x_wconf 93' lang='lat' dir='ltr'><strong>ipsis</strong></span> <span class='ocrx_word' id='word_1_181' title='bbox 728 2639 833 2697; x_wconf 78' lang='lat' dir='ltr'><strong>astutia</strong></span> <span class='ocrx_word' id='word_1_182' title='bbox 848 2643 1029 2710; x_wconf 89' lang='lat' dir='ltr'><strong>superantur.</strong></span> <span class='ocrx_word' id='word_1_183' title='bbox 1053 2637 1129 2695; x_wconf 86' lang='lat' dir='ltr'><strong>Nam</strong></span> <span class='ocrx_word' id='word_1_184' title='bbox 1142 2642 1242 2695; x_wconf 90' lang='lat' dir='ltr'><strong>taurus</strong></span> 
     </span>
     <span class='ocr_line' id='line_1_25' title="bbox 82 2738 1241 2818; baseline 0.003 -22"><span class='ocrx_word' id='word_1_185' title='bbox 82 2738 301 2801; x_wconf 89' lang='lat' dir='ltr'><strong>robustissimum</strong></span> <span class='ocrx_word' id='word_1_186' title='bbox 319 2742 426 2801; x_wconf 85' lang='lat' dir='ltr'><strong>animal</strong></span> <span class='ocrx_word' id='word_1_187' title='bbox 446 2748 547 2802; x_wconf 86' lang='lat' dir='ltr'><strong>contre</strong></span> <span class='ocrx_word' id='word_1_188' title='bbox 568 2744 737 2818; x_wconf 85' lang='lat' dir='ltr'><strong>leopardum</strong></span> <span class='ocrx_word' id='word_1_189' title='bbox 758 2760 904 2817; x_wconf 86' lang='lat' dir='ltr'><strong>pugnans,</strong></span> <span class='ocrx_word' id='word_1_190' title='bbox 928 2743 953 2800; x_wconf 91' lang='lat' dir='ltr'><strong>si</strong></span> <span class='ocrx_word' id='word_1_191' title='bbox 973 2749 1053 2802; x_wconf 87' lang='lat' dir='ltr'><strong>recta</strong></span> <span class='ocrx_word' id='word_1_192' title='bbox 1073 2741 1241 2816; x_wconf 89' lang='lat' dir='ltr'><strong>leopardum</strong></span> 
     </span>
     <span class='ocr_line' id='line_1_26' title="bbox 82 2845 1243 2922; baseline -0.001 -16"><span class='ocrx_word' id='word_1_193' title='bbox 82 2846 204 2907; x_wconf 78' lang='lat' dir='ltr'><strong>ermom</strong></span> <span class='ocrx_word' id='word_1_194' title='bbox 219 2847 356 2921; x_wconf 89' lang='lat' dir='ltr'><strong>impetat,</strong></span> <span class='ocrx_word' id='word_1_195' title='bbox 377 2845 460 2907; x_wconf 83' lang='lat' dir='ltr'><strong>iaciie</strong></span> <span class='ocrx_word' id='word_1_196' title='bbox 475 2849 551 2907; x_wconf 92' lang='lat' dir='ltr'><strong>hunc</strong></span> <span class='ocrx_word' id='word_1_197' title='bbox 568 2851 722 2921; x_wconf 86' lang='lat' dir='ltr'><strong>convincit;</strong></span> <span class='ocrx_word' id='word_1_198' title='bbox 747 2850 770 2905; x_wconf 90' lang='lat' dir='ltr'><strong>si</strong></span> <span class='ocrx_word' id='word_1_199' title='bbox 786 2853 881 2907; x_wconf 88' lang='lat' dir='ltr'><strong>eutem</strong></span> <span class='ocrx_word' id='word_1_200' title='bbox 897 2847 947 2907; x_wconf 90' lang='lat' dir='ltr'><strong>diu</strong></span> <span class='ocrx_word' id='word_1_201' title='bbox 962 2863 1057 2907; x_wconf 89' lang='lat' dir='ltr'><strong>secum</strong></span> <span class='ocrx_word' id='word_1_202' title='bbox 1077 2847 1243 2922; x_wconf 79' lang='lat' dir='ltr'><strong>cogitabun-</strong></span> 
     </span>
     <span class='ocr_line' id='line_1_27' title="bbox 82 2946 1240 3028; baseline 0.001 -18"><span class='ocrx_word' id='word_1_203' title='bbox 82 2946 126 3009; x_wconf 80' lang='lat' dir='ltr'><strong>dus</strong></span> <span class='ocrx_word' id='word_1_204' title='bbox 140 2951 206 3011; x_wconf 89' lang='lat' dir='ltr'><strong>doio</strong></span> <span class='ocrx_word' id='word_1_205' title='bbox 221 2951 391 3027; x_wconf 89' lang='lat' dir='ltr'><strong>leopardum</strong></span> <span class='ocrx_word' id='word_1_206' title='bbox 404 2954 527 3027; x_wconf 79' lang='lat' dir='ltr'><strong>aggredi</strong></span> <span class='ocrx_word' id='word_1_207' title='bbox 541 2954 618 3027; x_wconf 86' lang='lat' dir='ltr'><strong>velit,</strong></span> <span class='ocrx_word' id='word_1_208' title='bbox 635 2956 714 3013; x_wconf 92' lang='lat' dir='ltr'><strong>ocius</strong></span> <span class='ocrx_word' id='word_1_209' title='bbox 729 2955 919 3013; x_wconf 88' lang='lat' dir='ltr'><strong>astutissimus</strong></span> <span class='ocrx_word' id='word_1_210' title='bbox 933 2953 1088 3028; x_wconf 87' lang='lat' dir='ltr'><strong>leopardus</strong></span> <span class='ocrx_word' id='word_1_211' title='bbox 1103 2954 1177 3011; x_wconf 89' lang='lat' dir='ltr'><strong>mira</strong></span> <span class='ocrx_word' id='word_1_212' title='bbox 1191 2968 1240 3011; x_wconf 87' lang='lat' dir='ltr'><strong>va-</strong></span> 
     </span>
     <span class='ocr_line' id='line_1_28' title="bbox 81 3043 1243 3133; baseline 0.002 -19"><span class='ocrx_word' id='word_1_213' title='bbox 81 3050 152 3114; x_wconf 87' lang='lat' dir='ltr'><strong>fricie</strong></span> <span class='ocrx_word' id='word_1_214' title='bbox 167 3061 283 3116; x_wconf 65' lang='lat' dir='ltr'><strong>murum</strong></span> <span class='ocrx_word' id='word_1_215' title='bbox 299 3063 424 3118; x_wconf 77' lang='lat' dir='ltr'><strong>excecat</strong></span> <span class='ocrx_word' id='word_1_216' title='bbox 438 3064 468 3117; x_wconf 89' lang='lat' dir='ltr'><strong>et</strong></span> <span class='ocrx_word' id='word_1_217' title='bbox 480 3059 605 3133; x_wconf 87' lang='lat' dir='ltr'><strong>jugulat.</strong></span> <span class='ocrx_word' id='word_1_218' title='bbox 639 3059 696 3119; x_wconf 89' lang='lat' dir='ltr'><strong>Sed</strong></span> <span class='ocrx_word' id='word_1_219' title='bbox 709 3059 764 3117; x_wconf 92' lang='lat' dir='ltr'><strong>hoc</strong></span> <span class='ocrx_word' id='word_1_220' title='bbox 783 3061 904 3132; x_wconf 76' lang='lat' dir='ltr'><strong>enigma</strong></span> <span class='ocrx_word' id='word_1_221' title='bbox 923 3074 1005 3118; x_wconf 93' lang='lat' dir='ltr'><strong>suum</strong></span> <span class='ocrx_word' id='word_1_222' title='bbox 1026 3043 1088 3118; x_wconf 74' lang='lat' dir='ltr'><strong>sibi&#39;</strong></span> <span class='ocrx_word' id='word_1_223' title='bbox 1101 3057 1243 3131; x_wconf 87' lang='lat' dir='ltr'><strong>Oedipum</strong></span> 
     </span>
     <span class='ocr_line' id='line_1_29' title="bbox 81 3163 203 3234; baseline 0.025 -17"><span class='ocrx_word' id='word_1_224' title='bbox 81 3163 203 3234; x_wconf 88' lang='lat' dir='ltr'><strong>requirit.</strong></span> 
     </span>
    </p>

    <p class='ocr_par' dir='ltr' id='par_1_11' title="bbox 81 3263 1245 3658">
     <span class='ocr_line' id='line_1_30' title="bbox 160 3263 1241 3343; baseline 0.002 -17"><span class='ocrx_word' id='word_1_225' title='bbox 160 3267 269 3327; x_wconf 87' lang='lat' dir='ltr'><strong>Domus</strong></span> <span class='ocrx_word' id='word_1_226' title='bbox 284 3283 371 3341; x_wconf 84' lang='lat' dir='ltr'><strong>quam</strong></span> <span class='ocrx_word' id='word_1_227' title='bbox 385 3269 483 3328; x_wconf 88' lang='lat' dir='ltr'><strong>Hanso</strong></span> <span class='ocrx_word' id='word_1_228' title='bbox 499 3267 588 3328; x_wconf 89' lang='lat' dir='ltr'><strong>Gesse</strong></span> <span class='ocrx_word' id='word_1_229' title='bbox 603 3270 707 3343; x_wconf 87' lang='lat' dir='ltr'><strong>hospes</strong></span> <span class='ocrx_word' id='word_1_230' title='bbox 723 3275 821 3329; x_wconf 89' lang='lat' dir='ltr'><strong>noster</strong></span> <span class='ocrx_word' id='word_1_231' title='bbox 835 3286 888 3342; x_wconf 87' lang='lat' dir='ltr'><strong>pro</strong></span> <span class='ocrx_word' id='word_1_232' title='bbox 904 3269 1028 3327; x_wconf 89' lang='lat' dir='ltr'><strong>sedecim</strong></span> <span class='ocrx_word' id='word_1_233' title='bbox 1043 3268 1169 3326; x_wconf 88' lang='lat' dir='ltr'><strong>centenis</strong></span> <span class='ocrx_word' id='word_1_234' title='bbox 1188 3263 1241 3328; x_wconf 89' lang='lat' dir='ltr'><strong>flo-</strong></span> 
     </span>
     <span class='ocr_line' id='line_1_31' title="bbox 81 3373 1245 3450; baseline -0.001 -19"><span class='ocrx_word' id='word_1_235' title='bbox 81 3375 151 3432; x_wconf 90' lang='lat' dir='ltr'><strong>renis</strong></span> <span class='ocrx_word' id='word_1_236' title='bbox 171 3376 363 3449; x_wconf 82' lang='lat' dir='ltr'><strong>comparauit,</strong></span> <span class='ocrx_word' id='word_1_237' title='bbox 385 3375 428 3432; x_wconf 91' lang='lat' dir='ltr'><strong>illi</strong></span> <span class='ocrx_word' id='word_1_238' title='bbox 449 3391 535 3450; x_wconf 85' lang='lat' dir='ltr'><strong>uxor,</strong></span> <span class='ocrx_word' id='word_1_239' title='bbox 557 3375 642 3434; x_wconf 91' lang='lat' dir='ltr'><strong>liberi</strong></span> <span class='ocrx_word' id='word_1_240' title='bbox 662 3381 691 3433; x_wconf 91' lang='lat' dir='ltr'><strong>et</strong></span> <span class='ocrx_word' id='word_1_241' title='bbox 707 3375 821 3446; x_wconf 86' lang='lat' dir='ltr'><strong>cognati</strong></span> <span class='ocrx_word' id='word_1_242' title='bbox 836 3374 992 3433; x_wconf 91' lang='lat' dir='ltr'><strong>doctissimi</strong></span> <span class='ocrx_word' id='word_1_243' title='bbox 1007 3390 1041 3433; x_wconf 90' lang='lat' dir='ltr'><strong>ac</strong></span> <span class='ocrx_word' id='word_1_244' title='bbox 1055 3373 1176 3448; x_wconf 89' lang='lat' dir='ltr'><strong>piissimi</strong></span> <span class='ocrx_word' id='word_1_245' title='bbox 1191 3373 1245 3431; x_wconf 82' lang='lat' dir='ltr'><strong>uiri</strong></span> 
     </span>
     <span class='ocr_line' id='line_1_32' title="bbox 83 3475 1245 3562; baseline 0.001 -26"><span class='ocrx_word' id='word_1_246' title='bbox 83 3475 184 3537; x_wconf 84' lang='lat' dir='ltr'><strong>Urbani</strong></span> <span class='ocrx_word' id='word_1_247' title='bbox 198 3480 282 3554; x_wconf 88' lang='lat' dir='ltr'><strong>Regii</strong></span> <span class='ocrx_word' id='word_1_248' title='bbox 296 3480 496 3540; x_wconf 81' lang='lat' dir='ltr'><strong>uendiderunt.</strong></span> <span class='ocrx_word' id='word_1_249' title='bbox 527 3480 562 3539; x_wconf 94' lang='lat' dir='ltr'><strong>In</strong></span> <span class='ocrx_word' id='word_1_250' title='bbox 582 3481 636 3540; x_wconf 88' lang='lat' dir='ltr'><strong>hac</strong></span> <span class='ocrx_word' id='word_1_251' title='bbox 656 3495 708 3538; x_wconf 89' lang='lat' dir='ltr'><strong>nos</strong></span> <span class='ocrx_word' id='word_1_252' title='bbox 727 3478 880 3562; x_wconf 20' lang='lat' dir='ltr'><strong>Deus-*sua</strong></span> <span class='ocrx_word' id='word_1_253' title='bbox 900 3481 1077 3554; x_wconf 88' lang='lat' dir='ltr'><strong>benignitate</strong></span> <span class='ocrx_word' id='word_1_254' title='bbox 1097 3479 1245 3551; x_wconf 90' lang='lat' dir='ltr'><strong>hospitare</strong></span> 
     </span>
     <span class='ocr_line' id='line_1_33' title="bbox 86 3572 284 3658; baseline 0.01 -16"><span class='ocrx_word' id='word_1_255' title='bbox 86 3583 120 3642; x_wconf 81' lang='lat' dir='ltr'><strong>ric</strong></span> <span class='ocrx_word' id='word_1_256' title='bbox 133 3572 284 3658; x_wconf 85' lang='lat' dir='ltr'><strong>permittit.</strong></span> 
     </span>
    </p>

    <p class='ocr_par' dir='ltr' id='par_1_12' title="bbox 92 3689 1245 3962">
     <span class='ocr_line' id='line_1_34' title="bbox 162 3689 1245 3765; baseline -0.006 -15"><span class='ocrx_word' id='word_1_257' title='bbox 162 3689 278 3750; x_wconf 82' lang='lat' dir='ltr'><strong>Samuel</strong></span> <span class='ocrx_word' id='word_1_258' title='bbox 292 3707 383 3765; x_wconf 89' lang='lat' dir='ltr'><strong>nepos</strong></span> <span class='ocrx_word' id='word_1_259' title='bbox 398 3691 476 3765; x_wconf 85' lang='lat' dir='ltr'><strong>apud</strong></span> <span class='ocrx_word' id='word_1_260' title='bbox 495 3689 595 3750; x_wconf 89' lang='lat' dir='ltr'><strong>ducem</strong></span> <span class='ocrx_word' id='word_1_261' title='bbox 611 3693 767 3751; x_wconf 88' lang='lat' dir='ltr'><strong>Ernestum</strong></span> <span class='ocrx_word' id='word_1_262' title='bbox 782 3697 912 3751; x_wconf 89' lang='lat' dir='ltr'><strong>coenatus</strong></span> <span class='ocrx_word' id='word_1_263' title='bbox 928 3697 979 3750; x_wconf 91' lang='lat' dir='ltr'><strong>est.</strong></span> <span class='ocrx_word' id='word_1_264' title='bbox 1005 3692 1110 3749; x_wconf 83' lang='lat' dir='ltr'><strong>Frater</strong></span> <span class='ocrx_word' id='word_1_265' title='bbox 1118 3689 1245 3747; x_wconf 83' lang='lat' dir='ltr'><strong>ioannes</strong></span> 
     </span>
     <span class='ocr_line' id='line_1_35' title="bbox 92 3791 1243 3872; baseline -0.007 -18"><span class='ocrx_word' id='word_1_266' title='bbox 92 3792 215 3855; x_wconf 74' lang='lat' dir='ltr'><strong>&#39;omem</strong></span> <span class='ocrx_word' id='word_1_267' title='bbox 229 3792 409 3854; x_wconf 85' lang='lat' dir='ltr'><strong>Fridericum</strong></span> <span class='ocrx_word' id='word_1_268' title='bbox 423 3799 570 3872; x_wconf 89' lang='lat' dir='ltr'><strong>convenit,</strong></span> <span class='ocrx_word' id='word_1_269' title='bbox 597 3798 762 3872; x_wconf 84' lang='lat' dir='ltr'><strong>explorans,</strong></span> <span class='ocrx_word' id='word_1_270' title='bbox 789 3799 838 3870; x_wconf 92' lang='lat' dir='ltr'><strong>qui</strong></span> <span class='ocrx_word' id='word_1_271' title='bbox 853 3813 885 3855; x_wconf 92' lang='lat' dir='ltr'><strong>se</strong></span> <span class='ocrx_word' id='word_1_272' title='bbox 908 3813 955 3854; x_wconf 86' lang='lat' dir='ltr'><strong>res</strong></span> <span class='ocrx_word' id='word_1_273' title='bbox 979 3796 1080 3870; x_wconf 91' lang='lat' dir='ltr'><strong>optimi</strong></span> <span class='ocrx_word' id='word_1_274' title='bbox 1106 3791 1243 3867; x_wconf 89' lang='lat' dir='ltr'><strong>principis</strong></span> 
     </span>
     <span class='ocr_line' id='line_1_36' title="bbox 98 3897 224 3962; baseline 0.016 -4"><span class='ocrx_word' id='word_1_275' title='bbox 98 3897 224 3962; x_wconf 86' lang='lat' dir='ltr'><strong>aberent.</strong></span> 
     </span>
    </p>

    <p class='ocr_par' dir='ltr' id='par_1_13' title="bbox 656 4023 671 4057">
     <span class='ocr_line' id='line_1_37' title="bbox 656 4023 671 4057; baseline 0 0"><span class='ocrx_word' id='word_1_276' title='bbox 656 4023 671 4057; x_wconf 83' lang='grc'>*</span> 
     </span>
    </p>
   </div>
   <div class='ocr_carea' id='block_1_2' title="bbox 124 4107 709 4277">
    <p class='ocr_par' dir='ltr' id='par_1_14' title="bbox 124 4107 709 4277">
     <span class='ocr_line' id='line_1_38' title="bbox 150 4107 709 4177; baseline 0.002 -20"><span class='ocrx_word' id='word_1_277' title='bbox 150 4111 182 4158; x_wconf 80' lang='lat'><strong>1?</strong></span> <span class='ocrx_word' id='word_1_278' title='bbox 220 4107 337 4160; x_wconf 75' lang='lat' dir='ltr'><strong>Fraudes</strong></span> <span class='ocrx_word' id='word_1_279' title='bbox 356 4109 503 4177; x_wconf 85' lang='lat' dir='ltr'><strong>suscipiunt</strong></span> <span class='ocrx_word' id='word_1_280' title='bbox 520 4124 551 4161; x_wconf 91' lang='lat' dir='ltr'><strong>ac</strong></span> <span class='ocrx_word' id='word_1_281' title='bbox 570 4109 709 4160; x_wconf 85' lang='lat' dir='ltr'><strong>astutiam.</strong></span> 
     </span>
     <span class='ocr_line' id='line_1_39' title="bbox 124 4231 235 4277; baseline 0 -1"><span class='ocrx_word' id='word_1_282' title='bbox 124 4231 235 4277; x_wconf 76' lang='lat' dir='ltr'><strong>Wuldaek.</strong></span> 
     </span>
    </p>
   </div>
   <div class='ocr_carea' id='block_1_3' title="bbox 0 0 1354 4546">
    <p class='ocr_par' dir='ltr' id='par_1_15' title="bbox 0 0 1354 4546">
     <span class='ocr_line' id='line_1_40' title="bbox 0 0 1354 4546; baseline 0 0"><span class='ocrx_word' id='word_1_283' title='bbox 0 0 1354 4546; x_wconf 95' lang='lat' dir='ltr'><strong> </strong></span> 
     </span>
    </p>
   </div>
  </div>
 </body>
</html>
