2678 4546
675 72 739 139 ¹89

114 256 188 324 tum,
202 250 234 309 in
249 268 307 324 quo
321 248 473 325 sperabam
487 251 540 310 bus
555 253 739 312 caeremonias
752 251 827 313 lieri.
858 253 915 313 Sed
936 262 969 314 ut
988 259 1190 331 trnpesiturius
1212 264 1289 321 reuit

115 353 240 415 alicuem
254 356 379 415 auloeum
392 357 464 416 illud
478 361 546 415 ante
561 357 669 429 sellam,
687 374 750 430 quae
760 358 798 417 ad
805 359 943 431 parietem
953 361 1129 437 positaerat,
1145 370 1288 439 sternens,

115 476 204 534 super
217 478 306 533 quum
319 459 438 519 affixum
452 467 516 519 erat
529 460 652 519 aulaeum
667 463 745 520 uliud
760 479 797 521 ex
811 479 882 522 auro
897 481 970 536 puro
990 472 1061 539 puto
1081 473 1111 525 et
1128 468 1291 528 holoserico

116 570 293 638 contextum,
309 567 429 639 cognovi
443 565 550 623 ibidem
565 582 697 638 pompam
711 568 785 625 banc
800 566 933 627 futuram.
962 571 1069 629 l'ideus
1083 578 1181 631 autern
1194 590 1289 633 mare-

115 668 248 727 schalcus
262 670 439 743 Pupeulreim
455 671 579 729 omnium
602 671 699 729 oculos
722 672 752 729 in
772 688 818 729 me
837 674 962 732 intentos
983 690 1061 745 esse,
1085 677 1140 733 ait:
1164 676 1288 736 Domine

116 788 222 846 comes,
237 775 341 833 melius
355 773 458 833 feceris
473 775 498 831 si
512 775 543 831 in
557 773 783 845 hybernncnlum
798 783 866 835 ante
880 778 1014 836 atriolum
1024 780 1172 853 concedas,
1188 786 1218 839 et
1232 798 1288 854 ego

114 878 163 936 ubi
178 879 399 952 imperatoriis
413 880 574 938 consederit
594 884 696 949 aperto
716 881 789 937 ostio
811 886 843 938 ut
864 881 1039 940 commodius
1061 884 1287 955 geniculationes

113 979 210 1040 iacere
230 998 320 1054 queas
338 988 369 1040 te
388 998 541 1041 accersam.
571 983 666 1041 Pareo
688 983 777 1055 igitur
796 987 931 1043 monenti.
962 987 1072 1044 Doctor
1091 1003 1160 1044 rero
1180 986 1287 1046 Petrus

114 1086 305 1145 aMalrendu
318 1087 476 1159 composito
491 1088 570 1145 vultu
585 1102 631 1144 me
645 1087 784 1144 accedens
800 1088 910 1146 salvere
921 1090 1016 1161 jussit.
1040 1090 1138 1148 Prima
1150 1088 1223 1149 facie
1238 1106 1284 1149 me

113 1190 215 1249 audire
230 1190 421 1263 dissimulavi,
442 1208 541 1249 rerum
556 1206 621 1247 oum
635 1191 761 1248 riderem
777 1209 841 1249 eum
860 1210 948 1250 manu
968 1193 1098 1251 deuuota
1119 1195 1286 1254 chirotheca

113 1295 232 1368 propius
246 1295 396 1369 accedere,
413 1295 543 1354 dextram
558 1295 600 1351 illi
615 1295 735 1367 praebui.
764 1296 825 1354 Neo
839 1297 918 1355 aliud
933 1298 1088 1370 quidquam
1104 1299 1185 1356 uobis
1201 1300 1283 1373 dixit,

113 1399 179 1455 uisi:
204 1399 270 1471 Ego
284 1415 337 1458 ros
353 1415 411 1458 nou
426 1401 579 1472 impediam
595 1399 675 1473 (quid
690 1399 744 1457 sibi
758 1399 803 1457 bis
817 1402 913 1460 uerbis
928 1403 1059 1476 voluerit,
1076 1403 1221 1475 Diespiter
1235 1403 1285 1461 ille

113 1502 242 1560 Ibericus
256 1501 361 1578 novit).
391 1505 478 1563 l'euit
492 1509 522 1563 et
536 1504 609 1561 alter
625 1519 660 1560 ex
681 1505 804 1562 ostiariis
826 1505 942 1578 Esclrop
961 1512 990 1564 ct
1009 1508 1137 1578 nomine,
1161 1508 1210 1578 qui
1230 1523 1284 1565 nos

113 1606 142 1663 in
155 1622 274 1665 scamno
289 1591 396 1667 sedere'
403 1609 498 1681 jussit,
515 1607 627 1665 diceus:
643 1608 803 1680 Imperator
818 1615 941 1668 nontam
950 1611 1045 1668 statim
1055 1610 1184 1683 prodibit
1192 1609 1281 1669 foras.

114 1709 184 1781 Quia
198 1716 298 1769 autem
313 1712 440 1770 intellexi
455 1712 578 1772 ostiariis
594 1712 745 1785 propinem
760 1729 796 1770 ex
811 1715 865 1772 boc
880 1721 945 1772 actu
960 1713 1075 1786 deberi,
1097 1712 1282 1773 Mnlrenduru

113 1816 212 1889 rogavi
225 1821 274 1889 ut,
295 1816 365 1889 quid
378 1817 408 1875 id
422 1819 553 1890 propinas
568 1833 632 1875 esse
645 1816 777 1888 deberet,
799 1819 1008 1891 expiscaretur,
1032 1818 1081 1888 qui
1097 1833 1127 1874 se
1143 1816 1174 1875 id
1188 1815 1281 1875 iactu-

114 1936 173 1978 rum
186 1920 300 1994 recepit
314 1936 350 1979 ao
363 1921 441 1979 ocius
455 1937 588 1979 reversus
602 1923 652 1994 ait,
670 1922 803 1981 ostiarios
818 1922 933 1993 dixisse,
950 1921 980 1979 id
989 1923 1019 1978 in
1031 1936 1094 1978 mea
1105 1920 1282 1979 liberalitate

114 2030 141 2082 et
152 2024 334 2083 humanitate
348 2025 433 2083 sitnm
448 2041 525 2099 esse,
549 2041 579 2083 se
598 2025 670 2083 nihil
690 2026 857 2083 nominatim
877 2027 1028 2097 petituros.
1056 2026 1143 2084 Venit
1166 2041 1282 2097 quoque

114 2131 214 2187 tertius
229 2146 268 2187 ex
282 2129 409 2189 ostiariis
423 2128 534 2187 diceus:
557 2130 678 2187 Domine
694 2146 804 2202 comes,
821 2147 909 2202 quare
925 2148 983 2189 nou
998 2130 1131 2189 atriolum
1146 2130 1281 2189 accedis?

113 2231 274 2304 Respondi:
296 2232 493 2292 Marsobalcus
513 2249 558 2290 me
576 2233 623 2290 lric
642 2234 805 2306 praestolari
821 2236 916 2306 jussit.
948 2235 1040 2308 Bene,
1063 2235 1151 2306 bene,
1175 2235 1278 2307 inquit.

114 2336 258 2411 Exspecta
272 2338 432 2411 paululum,
455 2338 535 2396 brevi
550 2336 609 2396 fiet.
640 2339 713 2396 llrat
726 2355 795 2396 vero
807 2339 868 2409 jam
883 2340 912 2395 in
926 2344 1033 2411 punctu
1050 2338 1095 2413 (ιιι
1109 2336 1280 2411 loquuntur)

113 2440 283 2515 undeeimae,
307 2458 371 2499 oum
385 2440 487 2500 fierent
499 2444 654 2515 januarum
669 2444 795 2514 crepitus
816 2458 850 2501 ao
871 2458 1022 2514 procerum
1043 2443 1278 2514 geniculationes.

113 2544 304 2618 Posteaquam
316 2552 412 2605 autem
428 2562 519 2604 caesar
532 2548 562 2605 in
577 2547 648 2605 sella
662 2547 712 2605 illa
726 2546 883 2617 resederat,
900 2545 1075 2616 Papenbeim
1090 2552 1190 2616 aperto
1205 2547 1280 2603 osdo

112 2664 154 2707 me
167 2651 293 2723 vocarit,
308 2651 449 2723 inquiens,
465 2651 512 2708 Eu
524 2656 637 2724 tempus
653 2656 706 2723 est,
719 2651 778 2721 jam
794 2665 888 2706 comos
903 2649 1016 2706 accede.
1040 2648 1112 2706 Ideo
1125 2665 1278 2722 exurgens,

112 2752 217 2813 babens
233 2770 252 2813 a
266 2755 391 2813 sinistris
405 2755 554 2813 Liborium
573 2756 617 2813 bis
637 2771 731 2828 genua
751 2751 898 2810 inflectens
918 2751 1070 2810 secedendi
1090 2754 1177 2812 tertia
1198 2753 1279 2826 geni-

113 2858 253 2917 culatione
268 2862 421 2931 utrumque
436 2876 511 2931 genu
526 2870 611 2917 terres
632 2858 736 2932 figens,
760 2856 889 2914 similiter
909 2861 939 2913 et
959 2856 1102 2915 Liberius.
1133 2857 1209 2915 Dein
1227 2857 1278 2915 Li-

111 2958 204 3019 borius
218 2962 332 3019 cunctis
347 2962 529 3021 audientibus
544 2963 606 3020 haec
621 2963 709 3021 rerba
723 2963 753 3019 in
768 2961 908 3019 catalecto
922 2963 1086 3033 germanico
1102 2962 1198 3019 dicere
1218 2976 1278 3020 ιιι-

109 3064 162 3137 pit:
188 3065 389 3124 Illustrissime
414 3072 445 3124 et
466 3068 652 3125 invictissime
674 3067 948 3136 clementissimeque
970 3081 1074 3138 caesar,
1108 3082 1197 3123 sacrat
1220 3070 1279 3123 tuae

110 3184 244 3229 maerere
256 3171 403 3242 majestati
417 3171 464 3229 bic
483 3188 579 3231 eornm
602 3188 756 3244 generosus
777 3186 857 3228 meus
878 3168 1007 3228 dominus
1027 3185 1120 3226 comes
1143 3168 1278 3227 Wolradt

109 3273 284 3335 aWaldeelr
298 3276 389 3348 sistit,
414 3274 551 3334 confitens
566 3293 597 3333 se
618 3277 796 3348 nrajestatem
816 3279 941 3333 vestram
961 3275 1127 3346 gravissime
1148 3280 1278 3346 tempore

109 3378 272 3440 rebellionis
288 3384 357 3439 anui
371 3380 462 3452 elapsi
476 3381 597 3453 laesisse,
614 3396 771 3454 agnoscens
788 3378 864 3451 quod
878 3378 1039 3450 graviorem
1054 3377 1198 3450 quandam
1213 3394 1276 3450 poe·

110 3498 170 3545 ntur
184 3485 372 3545 commeritus
387 3486 438 3556 sit,
461 3485 543 3556 cujus
557 3486 600 3542 rei
617 3486 758 3543 dirissime
772 3488 904 3541 metanea
919 3483 1050 3555 ungitur.
1082 3482 1218 3539 Attamen
1240 3481 1276 3540 de

111 3586 204 3648 huata
225 3589 423 3661 imperatorie
445 3592 548 3645 vestrae
567 3577 724 3662 majestatis
745 3589 895 3646 clementia
913 3584 1048 3658 confisus,
1076 3587 1151 3644 hanc
1172 3601 1276 3644 noxam

112 3690 160 3753 ubi
178 3692 291 3751 remitti
311 3690 497 3765 depreeatur,
520 3693 679 3749 cumomni
700 3693 787 3750 enimi
810 3692 970 3762 dejectione
992 3706 1111 3762 rogans,
1137 3695 1170 3747 ut
1192 3704 1276 3745 saera

113 3800 200 3857 me
213 3812 345 3855 eoesarea
359 3796 495 3868 majestas
509 3800 568 3855 tam
583 3797 676 3870 ipsum
691 3812 776 3869 quam
796 3794 926 3853 subditos
947 3810 1013 3853 suos
1035 3796 1065 3850 in
1086 3793 1208 3864 gratiam
1228 3808 1276 3849 re·

115 3900 198 3975 Ινιτι
218 3900 373 3975 dignetur,
397 3899 485 3971 idque
505 3900 543 3958 ob
563 3901 609 3958 dei
631 3908 661 3958 et
676 3916 806 3958 caesareae
821 3903 925 3957 vestrae
940 3898 1097 3970 majestatis
1112 3895 1275 3953 misericor-

116 4000 194 4080 ΕΜ,
216 4004 389 4079 quotidem
410 4004 503 4063 dietum
524 4021 603 4061 meus
625 4004 755 4062 dominus
775 4020 868 4062 omnes
888 4008 995 4076 praeter
1015 3998 1111 4057 debita
1132 3995 1226 4056 officia
1246 4006 1275 4079 et

117 4111 181 4177 runi
193 4124 260 4169 curu
273 4108 430 4169 sedulitate
446 4110 655 4181 promeriturus
669 4115 726 4182 est,
748 4124 801 4166 neo
815 4122 940 4179 unquam
955 4105 986 4160 iu
1000 4105 1058 4160 rita
1074 4118 1125 4159 sua
1141 4118 1172 4159 se
1188 4103 1277 4175 maje-
