<?xml version="1.0" encoding="UTF-8"?>
<!DOCTYPE html PUBLIC "-//W3C//DTD XHTML 1.0 Transitional//EN"
    "http://www.w3.org/TR/xhtml1/DTD/xhtml1-transitional.dtd">
<html xmlns="http://www.w3.org/1999/xhtml" xml:lang="en" lang="en">
 <head>
  <title>
</title>
<meta http-equiv="Content-Type" content="text/html;charset=utf-8" />
  <meta name='ocr-system' content='tesseract 3.04.00' />
  <meta name='ocr-capabilities' content='ocr_page ocr_carea ocr_par ocr_line ocrx_word'/>
</head>
<body>
  <div class='ocr_page' id='page_1' title='image "./desgrafenwolrad00trosgoog_0069.png"; bbox 0 0 2678 4546; ppageno 0'>
   <div class='ocr_carea' id='block_1_1' title="bbox 652 37 696 95">
    <p class='ocr_par' dir='ltr' id='par_1_1' title="bbox 652 37 696 95">
     <span class='ocr_line' id='line_1_1' title="bbox 652 37 696 95; baseline 0 0"><span class='ocrx_word' id='word_1_1' title='bbox 652 37 696 95; x_wconf 64' lang='grc'><strong>56</strong></span> 
     </span>
    </p>
   </div>
   <div class='ocr_carea' id='block_1_2' title="bbox 82 207 1265 4174">
    <p class='ocr_par' dir='ltr' id='par_1_2' title="bbox 82 207 1265 4174">
     <span class='ocr_line' id='line_1_2' title="bbox 89 207 1253 282; baseline 0.001 -14"><span class='ocrx_word' id='word_1_2' title='bbox 89 210 191 268; x_wconf 88' lang='lat' dir='ltr'><strong>animis</strong></span> <span class='ocrx_word' id='word_1_3' title='bbox 206 207 244 268; x_wconf 91' lang='lat' dir='ltr'><strong>ad</strong></span> <span class='ocrx_word' id='word_1_4' title='bbox 264 209 410 269; x_wconf 89' lang='lat' dir='ltr'><strong>coelestem</strong></span> <span class='ocrx_word' id='word_1_5' title='bbox 428 209 551 282; x_wconf 86' lang='lat' dir='ltr'><strong>patriam</strong></span> <span class='ocrx_word' id='word_1_6' title='bbox 571 208 667 269; x_wconf 85' lang='lat' dir='ltr'><strong>redire</strong></span> <span class='ocrx_word' id='word_1_7' title='bbox 687 210 900 282; x_wconf 71' lang='lat' dir='ltr'><strong>cupiamusnt</strong></span> <span class='ocrx_word' id='word_1_8' title='bbox 918 207 1035 268; x_wconf 85' lang='lat' dir='ltr'><strong>tandem</strong></span> <span class='ocrx_word' id='word_1_9' title='bbox 1054 224 1123 269; x_wconf 90' lang='lat' dir='ltr'><strong>vere</strong></span> <span class='ocrx_word' id='word_1_10' title='bbox 1145 225 1165 269; x_wconf 92' lang='lat' dir='ltr'><strong>a</strong></span> <span class='ocrx_word' id='word_1_11' title='bbox 1185 209 1253 269; x_wconf 89' lang='lat' dir='ltr'><strong>malo</strong></span> 
     </span>
     <span class='ocr_line' id='line_1_3' title="bbox 87 310 1252 389; baseline -0.003 -14"><span class='ocrx_word' id='word_1_12' title='bbox 87 316 248 375; x_wconf 82' lang='lat' dir='ltr'>liberemur.</span> <span class='ocrx_word' id='word_1_13' title='bbox 285 316 405 375; x_wconf 80' lang='lat' dir='ltr'>Interim</span> <span class='ocrx_word' id='word_1_14' title='bbox 425 330 525 374; x_wconf 87' lang='lat' dir='ltr'><strong>carnes</strong></span> <span class='ocrx_word' id='word_1_15' title='bbox 546 330 625 373; x_wconf 89' lang='lat' dir='ltr'><strong>meas</strong></span> <span class='ocrx_word' id='word_1_16' title='bbox 644 317 746 374; x_wconf 91' lang='lat' dir='ltr'><strong>timore</strong></span> <span class='ocrx_word' id='word_1_17' title='bbox 766 315 809 373; x_wconf 92' lang='lat' dir='ltr'><strong>tui</strong></span> <span class='ocrx_word' id='word_1_18' title='bbox 827 310 948 387; x_wconf 84' lang='lat' dir='ltr'><strong>confige,</strong></span> <span class='ocrx_word' id='word_1_19' title='bbox 970 315 1041 373; x_wconf 88' lang='lat' dir='ltr'><strong>milri</strong></span> <span class='ocrx_word' id='word_1_20' title='bbox 1059 313 1202 389; x_wconf 85' lang='lat' dir='ltr'><strong>refugium</strong></span> <span class='ocrx_word' id='word_1_21' title='bbox 1219 315 1252 372; x_wconf 87' lang='lat' dir='ltr'><strong>sis</strong></span> 
     </span>
     <span class='ocr_line' id='line_1_4' title="bbox 87 419 1250 481; baseline -0.003 0"><span class='ocrx_word' id='word_1_22' title='bbox 87 429 117 481; x_wconf 93' lang='lat' dir='ltr'><strong>et</strong></span> <span class='ocrx_word' id='word_1_23' title='bbox 130 423 235 480; x_wconf 74' lang='lat' dir='ltr'><strong>virtus·</strong></span> <span class='ocrx_word' id='word_1_24' title='bbox 262 421 336 479; x_wconf 85' lang='lat' dir='ltr'><strong>Nam</strong></span> <span class='ocrx_word' id='word_1_25' title='bbox 355 437 413 478; x_wconf 93' lang='lat' dir='ltr'><strong>uon</strong></span> <span class='ocrx_word' id='word_1_26' title='bbox 433 420 488 478; x_wconf 87' lang='lat' dir='ltr'><strong>uisi</strong></span> <span class='ocrx_word' id='word_1_27' title='bbox 507 421 537 476; x_wconf 93' lang='lat' dir='ltr'><strong>iu</strong></span> <span class='ocrx_word' id='word_1_28' title='bbox 552 420 747 479; x_wconf 78' lang='lat' dir='ltr'><strong>misericordia</strong></span> <span class='ocrx_word' id='word_1_29' title='bbox 762 426 813 479; x_wconf 90' lang='lat' dir='ltr'><strong>tua</strong></span> <span class='ocrx_word' id='word_1_30' title='bbox 828 420 918 478; x_wconf 90' lang='lat' dir='ltr'><strong>virtus</strong></span> <span class='ocrx_word' id='word_1_31' title='bbox 931 435 996 478; x_wconf 91' lang='lat' dir='ltr'><strong>mea</strong></span> <span class='ocrx_word' id='word_1_32' title='bbox 1011 421 1152 479; x_wconf 81' lang='lat' dir='ltr'><strong>consistit.</strong></span> <span class='ocrx_word' id='word_1_33' title='bbox 1186 419 1250 480; x_wconf 83' lang='lat' dir='ltr'><strong>Gou-</strong></span> 
     </span>
     <span class='ocr_line' id='line_1_5' title="bbox 87 509 1251 599; baseline -0.002 -13"><span class='ocrx_word' id='word_1_34' title='bbox 87 529 157 586; x_wconf 89' lang='lat' dir='ltr'><strong>eede</strong></span> <span class='ocrx_word' id='word_1_35' title='bbox 178 527 261 598; x_wconf 87' lang='lat' dir='ltr'><strong>milri,</strong></span> <span class='ocrx_word' id='word_1_36' title='bbox 285 531 315 584; x_wconf 87' lang='lat' dir='ltr'><strong>et</strong></span> <span class='ocrx_word' id='word_1_37' title='bbox 334 525 441 599; x_wconf 91' lang='lat' dir='ltr'><strong>populo</strong></span> <span class='ocrx_word' id='word_1_38' title='bbox 461 532 512 583; x_wconf 91' lang='lat' dir='ltr'><strong>tuo</strong></span> <span class='ocrx_word' id='word_1_39' title='bbox 533 531 561 583; x_wconf 91' lang='lat' dir='ltr'><strong>et</strong></span> <span class='ocrx_word' id='word_1_40' title='bbox 582 509 677 584; x_wconf 88' lang='lat' dir='ltr'><strong>domni</strong></span> <span class='ocrx_word' id='word_1_41' title='bbox 697 542 768 584; x_wconf 89' lang='lat' dir='ltr'><strong>mese</strong></span> <span class='ocrx_word' id='word_1_42' title='bbox 788 527 830 584; x_wconf 89' lang='lat' dir='ltr'><strong>ita</strong></span> <span class='ocrx_word' id='word_1_43' title='bbox 848 541 982 598; x_wconf 83' lang='lat' dir='ltr'><strong>praeesse,</strong></span> <span class='ocrx_word' id='word_1_44' title='bbox 1005 533 1039 584; x_wconf 91' lang='lat' dir='ltr'><strong>ut</strong></span> <span class='ocrx_word' id='word_1_45' title='bbox 1058 541 1158 585; x_wconf 91' lang='lat' dir='ltr'><strong>omnes</strong></span> <span class='ocrx_word' id='word_1_46' title='bbox 1180 530 1251 584; x_wconf 68' lang='lat' dir='ltr'><strong>amus</strong></span> 
     </span>
     <span class='ocr_line' id='line_1_6' title="bbox 88 625 1250 704; baseline -0.003 -14"><span class='ocrx_word' id='word_1_47' title='bbox 88 633 180 690; x_wconf 85' lang='lat' dir='ltr'><strong>nostri</strong></span> <span class='ocrx_word' id='word_1_48' title='bbox 201 632 300 704; x_wconf 89' lang='lat' dir='ltr'><strong>gloriae</strong></span> <span class='ocrx_word' id='word_1_49' title='bbox 325 635 381 688; x_wconf 87' lang='lat' dir='ltr'><strong>tuae</strong></span> <span class='ocrx_word' id='word_1_50' title='bbox 407 631 543 689; x_wconf 79' lang='lat' dir='ltr'><strong>serviant.</strong></span> <span class='ocrx_word' id='word_1_51' title='bbox 568 625 645 689; x_wconf 76' lang='lat' dir='ltr'><strong>&#39;Tibi</strong></span> <span class='ocrx_word' id='word_1_52' title='bbox 666 647 727 688; x_wconf 91' lang='lat' dir='ltr'><strong>cum</strong></span> <span class='ocrx_word' id='word_1_53' title='bbox 748 629 808 688; x_wconf 91' lang='lat' dir='ltr'><strong>filio</strong></span> <span class='ocrx_word' id='word_1_54' title='bbox 830 638 879 689; x_wconf 92' lang='lat' dir='ltr'><strong>tuo</strong></span> <span class='ocrx_word' id='word_1_55' title='bbox 900 630 1084 690; x_wconf 89' lang='lat' dir='ltr'><strong>dilectissimo</strong></span> <span class='ocrx_word' id='word_1_56' title='bbox 1106 647 1167 689; x_wconf 91' lang='lat' dir='ltr'><strong>nna</strong></span> <span class='ocrx_word' id='word_1_57' title='bbox 1186 636 1215 689; x_wconf 89' lang='lat' dir='ltr'><strong>ct</strong></span> <span class='ocrx_word' id='word_1_58' title='bbox 1232 646 1250 687; x_wconf 85' lang='lat' dir='ltr'><strong>s.</strong></span> 
     </span>
     <span class='ocr_line' id='line_1_7' title="bbox 87 736 1250 820; baseline 0.001 -25"><span class='ocrx_word' id='word_1_59' title='bbox 87 738 190 810; x_wconf 85' lang='lat' dir='ltr'><strong>spiritu</strong></span> <span class='ocrx_word' id='word_1_60' title='bbox 205 737 378 809; x_wconf 87' lang='lat' dir='ltr'><strong>sempiterna</strong></span> <span class='ocrx_word' id='word_1_61' title='bbox 393 736 431 794; x_wconf 91' lang='lat' dir='ltr'><strong>sit</strong></span> <span class='ocrx_word' id='word_1_62' title='bbox 445 736 538 809; x_wconf 89' lang='lat' dir='ltr'><strong>gloria</strong></span> <span class='ocrx_word' id='word_1_63' title='bbox 552 743 582 794; x_wconf 89' lang='lat' dir='ltr'><strong>et</strong></span> <span class='ocrx_word' id='word_1_64' title='bbox 597 736 687 820; x_wconf 89' lang='lat' dir='ltr'><strong>honos</strong></span> <span class='ocrx_word' id='word_1_65' title='bbox 703 738 733 794; x_wconf 94' lang='lat' dir='ltr'><strong>in</strong></span> <span class='ocrx_word' id='word_1_66' title='bbox 746 743 848 796; x_wconf 86' lang='lat' dir='ltr'><strong>cuncta</strong></span> <span class='ocrx_word' id='word_1_67' title='bbox 861 737 957 795; x_wconf 88' lang='lat' dir='ltr'><strong>secula</strong></span> <span class='ocrx_word' id='word_1_68' title='bbox 970 737 1144 808; x_wconf 73' lang='lat' dir='ltr'><strong>seculorum.</strong></span> <span class='ocrx_word' id='word_1_69' title='bbox 1159 736 1250 796; x_wconf 82' lang='lat' dir='ltr'><strong>Amen</strong></span> 
     </span>
     <span class='ocr_line' id='line_1_8' title="bbox 175 839 1251 915; baseline 0.002 -16"><span class='ocrx_word' id='word_1_70' title='bbox 175 842 206 915; x_wconf 91' lang='lat' dir='ltr'><strong>iij</strong></span> <span class='ocrx_word' id='word_1_71' title='bbox 222 841 294 914; x_wconf 87' lang='lat' dir='ltr'><strong>lllaji</strong></span> <span class='ocrx_word' id='word_1_72' title='bbox 314 839 341 898; x_wconf 92' lang='lat' dir='ltr'><strong>d.</strong></span> <span class='ocrx_word' id='word_1_73' title='bbox 364 840 548 899; x_wconf 90' lang='lat' dir='ltr'><strong>Leouardmu</strong></span> <span class='ocrx_word' id='word_1_74' title='bbox 563 857 598 899; x_wconf 88' lang='lat' dir='ltr'><strong>ex</strong></span> <span class='ocrx_word' id='word_1_75' title='bbox 618 857 681 915; x_wconf 87' lang='lat' dir='ltr'><strong>cap.</strong></span> <span class='ocrx_word' id='word_1_76' title='bbox 701 844 740 899; x_wconf 81' lang='lat'><strong>28</strong></span> <span class='ocrx_word' id='word_1_77' title='bbox 757 841 891 900; x_wconf 88' lang='lat' dir='ltr'><strong>Matthaei</strong></span> <span class='ocrx_word' id='word_1_78' title='bbox 910 843 1131 900; x_wconf 76' lang='lat' dir='ltr'><strong>concionantem</strong></span> <span class='ocrx_word' id='word_1_79' title='bbox 1150 841 1251 901; x_wconf 79' lang='lat' dir='ltr'><strong>audivi</strong></span> 
     </span>
     <span class='ocr_line' id='line_1_9' title="bbox 86 946 1252 1022; baseline 0.001 -16"><span class='ocrx_word' id='word_1_80' title='bbox 86 959 148 1006; x_wconf 74' lang='lat' dir='ltr'><strong>mim</strong></span> <span class='ocrx_word' id='word_1_81' title='bbox 172 962 259 1022; x_wconf 89' lang='lat' dir='ltr'><strong>super</strong></span> <span class='ocrx_word' id='word_1_82' title='bbox 278 946 340 1004; x_wconf 84' lang='lat' dir='ltr'><strong>lraec</strong></span> <span class='ocrx_word' id='word_1_83' title='bbox 360 946 464 1005; x_wconf 86' lang='lat' dir='ltr'><strong>verba:</strong></span> <span class='ocrx_word' id='word_1_84' title='bbox 490 946 560 1017; x_wconf 80' lang='lat' dir='ltr'><strong>Quae</strong></span> <span class='ocrx_word' id='word_1_85' title='bbox 583 962 646 1003; x_wconf 85' lang='lat' dir='ltr'><strong>cum</strong></span> <span class='ocrx_word' id='word_1_86' title='bbox 661 946 811 1019; x_wconf 91' lang='lat' dir='ltr'><strong>abiissent,</strong></span> <span class='ocrx_word' id='word_1_87' title='bbox 836 962 900 1005; x_wconf 85' lang='lat' dir='ltr'><strong>eece</strong></span> <span class='ocrx_word' id='word_1_88' title='bbox 920 946 1037 1019; x_wconf 89' lang='lat' dir='ltr'><strong>quidam</strong></span> <span class='ocrx_word' id='word_1_89' title='bbox 1057 964 1075 1006; x_wconf 93' lang='lat' dir='ltr'><strong>e</strong></span> <span class='ocrx_word' id='word_1_90' title='bbox 1095 947 1252 1007; x_wconf 77' lang='lat' dir='ltr'><strong>custodias</strong></span> 
     </span>
     <span class='ocr_line' id='line_1_10' title="bbox 86 1051 1254 1125; baseline -0.002 -12"><span class='ocrx_word' id='word_1_91' title='bbox 86 1057 227 1114; x_wconf 87' lang='lat' dir='ltr'><strong>venerunt</strong></span> <span class='ocrx_word' id='word_1_92' title='bbox 248 1054 279 1109; x_wconf 90' lang='lat' dir='ltr'><strong>iu</strong></span> <span class='ocrx_word' id='word_1_93' title='bbox 302 1051 445 1110; x_wconf 85' lang='lat' dir='ltr'><strong>civitatem</strong></span> <span class='ocrx_word' id='word_1_94' title='bbox 470 1067 505 1108; x_wconf 90' lang='lat' dir='ltr'><strong>ac</strong></span> <span class='ocrx_word' id='word_1_95' title='bbox 533 1053 741 1111; x_wconf 88' lang='lat' dir='ltr'><strong>nunciaverunt</strong></span> <span class='ocrx_word' id='word_1_96' title='bbox 762 1053 937 1125; x_wconf 85' lang='lat' dir='ltr'><strong>principibus</strong></span> <span class='ocrx_word' id='word_1_97' title='bbox 959 1051 1146 1112; x_wconf 87' lang='lat' dir='ltr'><strong>sacerdotum</strong></span> <span class='ocrx_word' id='word_1_98' title='bbox 1168 1053 1254 1111; x_wconf 83' lang='lat' dir='ltr'><strong>omnia</strong></span> 
     </span>
     <span class='ocr_line' id='line_1_11' title="bbox 87 1156 1254 1232; baseline 0 -15"><span class='ocrx_word' id='word_1_99' title='bbox 87 1175 151 1232; x_wconf 84' lang='lat' dir='ltr'><strong>quae</strong></span> <span class='ocrx_word' id='word_1_100' title='bbox 167 1157 342 1228; x_wconf 87' lang='lat' dir='ltr'><strong>acciderant,</strong></span> <span class='ocrx_word' id='word_1_101' title='bbox 367 1161 397 1213; x_wconf 88' lang='lat' dir='ltr'><strong>et</strong></span> <span class='ocrx_word' id='word_1_102' title='bbox 418 1156 586 1229; x_wconf 87' lang='lat' dir='ltr'><strong>congregati</strong></span> <span class='ocrx_word' id='word_1_103' title='bbox 608 1172 672 1213; x_wconf 84' lang='lat' dir='ltr'><strong>cunr</strong></span> <span class='ocrx_word' id='word_1_104' title='bbox 694 1156 869 1231; x_wconf 88' lang='lat' dir='ltr'><strong>senioribus,</strong></span> <span class='ocrx_word' id='word_1_105' title='bbox 893 1159 1012 1216; x_wconf 90' lang='lat' dir='ltr'><strong>consilio</strong></span> <span class='ocrx_word' id='word_1_106' title='bbox 1035 1158 1152 1232; x_wconf 91' lang='lat' dir='ltr'><strong>habito,</strong></span> <span class='ocrx_word' id='word_1_107' title='bbox 1175 1173 1254 1232; x_wconf 90' lang='lat' dir='ltr'><strong>pecn-</strong></span> 
     </span>
     <span class='ocr_line' id='line_1_12' title="bbox 86 1259 1256 1336; baseline 0.001 -15"><span class='ocrx_word' id='word_1_108' title='bbox 86 1263 163 1321; x_wconf 83' lang='lat' dir='ltr'><strong>uiam</strong></span> <span class='ocrx_word' id='word_1_109' title='bbox 183 1262 329 1335; x_wconf 81' lang='lat' dir='ltr'><strong>copiosam</strong></span> <span class='ocrx_word' id='word_1_110' title='bbox 345 1259 487 1319; x_wconf 84' lang='lat' dir='ltr'><strong>dederunt</strong></span> <span class='ocrx_word' id='word_1_111' title='bbox 502 1262 652 1335; x_wconf 86' lang='lat' dir='ltr'><strong>militibus,</strong></span> <span class='ocrx_word' id='word_1_112' title='bbox 677 1259 817 1322; x_wconf 87' lang='lat' dir='ltr'><strong>dicentes:</strong></span> <span class='ocrx_word' id='word_1_113' title='bbox 841 1262 936 1321; x_wconf 89' lang='lat' dir='ltr'><strong>Dicite</strong></span> <span class='ocrx_word' id='word_1_114' title='bbox 958 1263 1036 1334; x_wconf 92' lang='lat' dir='ltr'><strong>quod</strong></span> <span class='ocrx_word' id='word_1_115' title='bbox 1051 1262 1187 1336; x_wconf 90' lang='lat' dir='ltr'><strong>discipuli</strong></span> <span class='ocrx_word' id='word_1_116' title='bbox 1200 1262 1256 1334; x_wconf 84' lang='lat' dir='ltr'><strong>ejus</strong></span> 
     </span>
     <span class='ocr_line' id='line_1_13' title="bbox 87 1364 1258 1429; baseline 0.003 -5"><span class='ocrx_word' id='word_1_117' title='bbox 87 1371 170 1426; x_wconf 90' lang='lat' dir='ltr'><strong>nocte</strong></span> <span class='ocrx_word' id='word_1_118' title='bbox 192 1366 322 1424; x_wconf 89' lang='lat' dir='ltr'><strong>venerint</strong></span> <span class='ocrx_word' id='word_1_119' title='bbox 344 1372 374 1424; x_wconf 91' lang='lat' dir='ltr'><strong>et</strong></span> <span class='ocrx_word' id='word_1_120' title='bbox 393 1364 480 1425; x_wconf 84' lang='lat' dir='ltr'><strong>furati</strong></span> <span class='ocrx_word' id='word_1_121' title='bbox 501 1368 558 1425; x_wconf 91' lang='lat' dir='ltr'><strong>siut</strong></span> <span class='ocrx_word' id='word_1_122' title='bbox 579 1384 643 1425; x_wconf 89' lang='lat' dir='ltr'><strong>euru</strong></span> <span class='ocrx_word' id='word_1_123' title='bbox 664 1369 744 1427; x_wconf 92' lang='lat' dir='ltr'><strong>vobis</strong></span> <span class='ocrx_word' id='word_1_124' title='bbox 766 1368 980 1427; x_wconf 87' lang='lat' dir='ltr'><strong>dormientibus.</strong></span> <span class='ocrx_word' id='word_1_125' title='bbox 1012 1367 1053 1426; x_wconf 88' lang='lat' dir='ltr'><strong>Et</strong></span> <span class='ocrx_word' id='word_1_126' title='bbox 1071 1369 1096 1425; x_wconf 91' lang='lat' dir='ltr'><strong>si</strong></span> <span class='ocrx_word' id='word_1_127' title='bbox 1111 1369 1168 1429; x_wconf 86' lang='lat' dir='ltr'><strong>hoo</strong></span> <span class='ocrx_word' id='word_1_128' title='bbox 1183 1368 1258 1428; x_wconf 87' lang='lat' dir='ltr'><strong>andi·</strong></span> 
     </span>
     <span class='ocr_line' id='line_1_14' title="bbox 87 1468 1256 1546; baseline 0.002 -17"><span class='ocrx_word' id='word_1_129' title='bbox 87 1477 146 1530; x_wconf 92' lang='lat' dir='ltr'><strong>tum</strong></span> <span class='ocrx_word' id='word_1_130' title='bbox 162 1468 250 1529; x_wconf 81' lang='lat' dir='ltr'><strong>fuerit</strong></span> <span class='ocrx_word' id='word_1_131' title='bbox 264 1470 316 1530; x_wconf 90' lang='lat' dir='ltr'><strong>sub</strong></span> <span class='ocrx_word' id='word_1_132' title='bbox 331 1470 464 1545; x_wconf 80' lang='lat' dir='ltr'><strong>praeside,</strong></span> <span class='ocrx_word' id='word_1_133' title='bbox 488 1489 540 1531; x_wconf 91' lang='lat' dir='ltr'><strong>uos</strong></span> <span class='ocrx_word' id='word_1_134' title='bbox 556 1472 790 1546; x_wconf 83' lang='lat' dir='ltr'><strong>persuadebimus</strong></span> <span class='ocrx_word' id='word_1_135' title='bbox 811 1474 838 1531; x_wconf 93' lang='lat' dir='ltr'><strong>ei</strong></span> <span class='ocrx_word' id='word_1_136' title='bbox 850 1480 888 1534; x_wconf 86' lang='lat' dir='ltr'><strong>¹et</strong></span> <span class='ocrx_word' id='word_1_137' title='bbox 909 1487 1024 1531; x_wconf 87' lang='lat' dir='ltr'><strong>securos</strong></span> <span class='ocrx_word' id='word_1_138' title='bbox 1045 1489 1097 1531; x_wconf 88' lang='lat' dir='ltr'><strong>vos</strong></span> <span class='ocrx_word' id='word_1_139' title='bbox 1113 1471 1256 1533; x_wconf 85' lang='lat' dir='ltr'><strong>faciemus.</strong></span> 
     </span>
     <span class='ocr_line' id='line_1_15' title="bbox 86 1575 1258 1662; baseline 0.003 -28"><span class='ocrx_word' id='word_1_140' title='bbox 86 1576 126 1634; x_wconf 86' lang='lat' dir='ltr'><strong>At</strong></span> <span class='ocrx_word' id='word_1_141' title='bbox 140 1576 181 1634; x_wconf 92' lang='lat' dir='ltr'><strong>illi</strong></span> <span class='ocrx_word' id='word_1_142' title='bbox 197 1581 313 1648; x_wconf 88' lang='lat' dir='ltr'><strong>accepta</strong></span> <span class='ocrx_word' id='word_1_143' title='bbox 328 1578 450 1649; x_wconf 90' lang='lat' dir='ltr'><strong>pecnnia</strong></span> <span class='ocrx_word' id='word_1_144' title='bbox 464 1575 595 1636; x_wconf 91' lang='lat' dir='ltr'><strong>fecerunt</strong></span> <span class='ocrx_word' id='word_1_145' title='bbox 609 1579 682 1636; x_wconf 88' lang='lat' dir='ltr'><strong>sicut</strong></span> <span class='ocrx_word' id='word_1_146' title='bbox 696 1583 780 1636; x_wconf 90' lang='lat' dir='ltr'><strong>eraut</strong></span> <span class='ocrx_word' id='word_1_147' title='bbox 802 1577 904 1649; x_wconf 84' lang='lat' dir='ltr'><strong>edocti,</strong></span> <span class='ocrx_word' id='word_1_148' title='bbox 929 1582 958 1634; x_wconf 91' lang='lat' dir='ltr'><strong>et</strong></span> <span class='ocrx_word' id='word_1_149' title='bbox 977 1576 1144 1648; x_wconf 80' lang='lat' dir='ltr'><strong>divulgatus</strong></span> <span class='ocrx_word' id='word_1_150' title='bbox 1159 1583 1204 1662; x_wconf 86' lang='lat' dir='ltr'><strong>est</strong></span> <span class='ocrx_word' id='word_1_151' title='bbox 1216 1578 1258 1637; x_wconf 86' lang='lat' dir='ltr'><strong>bic</strong></span> 
     </span>
     <span class='ocr_line' id='line_1_16' title="bbox 87 1679 1256 1758; baseline 0.001 -18"><span class='ocrx_word' id='word_1_152' title='bbox 87 1697 181 1741; x_wconf 89' lang='lat' dir='ltr'><strong>sermo</strong></span> <span class='ocrx_word' id='word_1_153' title='bbox 209 1679 286 1755; x_wconf 92' lang='lat' dir='ltr'><strong>apud</strong></span> <span class='ocrx_word' id='word_1_154' title='bbox 313 1680 430 1740; x_wconf 86' lang='lat' dir='ltr'><strong>Judaeos</strong></span> <span class='ocrx_word' id='word_1_155' title='bbox 453 1685 597 1756; x_wconf 87' lang='lat' dir='ltr'><strong>usquein</strong></span> <span class='ocrx_word' id='word_1_156' title='bbox 625 1682 794 1743; x_wconf 90' lang='lat' dir='ltr'><strong>hodiernum</strong></span> <span class='ocrx_word' id='word_1_157' title='bbox 815 1682 898 1740; x_wconf 90' lang='lat' dir='ltr'><strong>diem.</strong></span> <span class='ocrx_word' id='word_1_158' title='bbox 937 1681 1049 1756; x_wconf 91' lang='lat' dir='ltr'><strong>Primo,</strong></span> <span class='ocrx_word' id='word_1_159' title='bbox 1076 1682 1186 1758; x_wconf 87' lang='lat' dir='ltr'><strong>inquit,</strong></span> <span class='ocrx_word' id='word_1_160' title='bbox 1210 1699 1256 1742; x_wconf 91' lang='lat' dir='ltr'><strong>an·</strong></span> 
     </span>
     <span class='ocr_line' id='line_1_17' title="bbox 86 1785 1256 1862; baseline 0.001 -16"><span class='ocrx_word' id='word_1_161' title='bbox 86 1787 177 1860; x_wconf 91' lang='lat' dir='ltr'><strong>distis,</strong></span> <span class='ocrx_word' id='word_1_162' title='bbox 196 1792 228 1844; x_wconf 91' lang='lat' dir='ltr'><strong>nt</strong></span> <span class='ocrx_word' id='word_1_163' title='bbox 243 1785 342 1845; x_wconf 89' lang='lat' dir='ltr'><strong>scribae</strong></span> <span class='ocrx_word' id='word_1_164' title='bbox 355 1792 385 1845; x_wconf 92' lang='lat' dir='ltr'><strong>et</strong></span> <span class='ocrx_word' id='word_1_165' title='bbox 391 1786 530 1846; x_wconf 86' lang='lat' dir='ltr'><strong>Pharisaei</strong></span> <span class='ocrx_word' id='word_1_166' title='bbox 545 1793 575 1846; x_wconf 93' lang='lat' dir='ltr'><strong>et</strong></span> <span class='ocrx_word' id='word_1_167' title='bbox 589 1789 716 1846; x_wconf 89' lang='lat' dir='ltr'><strong>seniores</strong></span> <span class='ocrx_word' id='word_1_168' title='bbox 731 1789 866 1846; x_wconf 86' lang='lat' dir='ltr'><strong>excaecati</strong></span> <span class='ocrx_word' id='word_1_169' title='bbox 881 1803 915 1846; x_wconf 88' lang='lat' dir='ltr'><strong>ae</strong></span> <span class='ocrx_word' id='word_1_170' title='bbox 929 1787 1009 1846; x_wconf 88' lang='lat' dir='ltr'><strong>rabie</strong></span> <span class='ocrx_word' id='word_1_171' title='bbox 1026 1793 1056 1846; x_wconf 86' lang='lat' dir='ltr'><strong>et</strong></span> <span class='ocrx_word' id='word_1_172' title='bbox 1070 1788 1183 1847; x_wconf 90' lang='lat' dir='ltr'><strong>invidis</strong></span> <span class='ocrx_word' id='word_1_173' title='bbox 1195 1805 1256 1862; x_wconf 86' lang='lat' dir='ltr'><strong>por·</strong></span> 
     </span>
     <span class='ocr_line' id='line_1_18' title="bbox 86 1891 1257 1966; baseline 0.003 -16"><span class='ocrx_word' id='word_1_174' title='bbox 86 1893 136 1950; x_wconf 93' lang='lat' dir='ltr'><strong>citi</strong></span> <span class='ocrx_word' id='word_1_175' title='bbox 155 1891 268 1950; x_wconf 80' lang='lat' dir='ltr'><strong>Christo</strong></span> <span class='ocrx_word' id='word_1_176' title='bbox 291 1892 484 1953; x_wconf 89' lang='lat' dir='ltr'><strong>domino-nou</strong></span> <span class='ocrx_word' id='word_1_177' title='bbox 504 1893 597 1953; x_wconf 89' lang='lat' dir='ltr'><strong>solum</strong></span> <span class='ocrx_word' id='word_1_178' title='bbox 616 1894 799 1966; x_wconf 88' lang='lat' dir='ltr'><strong>restiterunt,</strong></span> <span class='ocrx_word' id='word_1_179' title='bbox 824 1893 982 1951; x_wconf 88' lang='lat' dir='ltr'><strong>sedetiam</strong></span> <span class='ocrx_word' id='word_1_180' title='bbox 1003 1893 1099 1966; x_wconf 92' lang='lat' dir='ltr'><strong>ipsum</strong></span> <span class='ocrx_word' id='word_1_181' title='bbox 1122 1895 1257 1954; x_wconf 83' lang='lat' dir='ltr'><strong>traditum</strong></span> 
     </span>
     <span class='ocr_line' id='line_1_19' title="bbox 88 1994 1255 2072; baseline 0.006 -20"><span class='ocrx_word' id='word_1_182' title='bbox 88 1996 181 2054; x_wconf 89' lang='lat' dir='ltr'><strong>Pilato</strong></span> <span class='ocrx_word' id='word_1_183' title='bbox 201 1997 280 2054; x_wconf 88' lang='lat' dir='ltr'><strong>cruci</strong></span> <span class='ocrx_word' id='word_1_184' title='bbox 299 1994 380 2070; x_wconf 89' lang='lat' dir='ltr'><strong>affigi</strong></span> <span class='ocrx_word' id='word_1_185' title='bbox 400 2002 547 2055; x_wconf 86' lang='lat' dir='ltr'><strong>curarunt.</strong></span> <span class='ocrx_word' id='word_1_186' title='bbox 584 1997 645 2056; x_wconf 86' lang='lat' dir='ltr'><strong>Nec</strong></span> <span class='ocrx_word' id='word_1_187' title='bbox 664 1999 718 2056; x_wconf 89' lang='lat' dir='ltr'><strong>boc</strong></span> <span class='ocrx_word' id='word_1_188' title='bbox 737 2014 836 2056; x_wconf 91' lang='lat' dir='ltr'><strong>eorum</strong></span> <span class='ocrx_word' id='word_1_189' title='bbox 855 1997 920 2056; x_wconf 93' lang='lat' dir='ltr'><strong>odio</strong></span> <span class='ocrx_word' id='word_1_190' title='bbox 941 2003 971 2055; x_wconf 93' lang='lat' dir='ltr'><strong>et</strong></span> <span class='ocrx_word' id='word_1_191' title='bbox 989 1997 1105 2056; x_wconf 76' lang='lat' dir='ltr'><strong>invidiae</strong></span> <span class='ocrx_word' id='word_1_192' title='bbox 1126 2005 1173 2058; x_wconf 89' lang='lat' dir='ltr'><strong>sat</strong></span> <span class='ocrx_word' id='word_1_193' title='bbox 1188 2007 1255 2072; x_wconf 86' lang='lat' dir='ltr'><strong>crat,</strong></span> 
     </span>
     <span class='ocr_line' id='line_1_20' title="bbox 87 2101 1254 2174; baseline 0.005 -16"><span class='ocrx_word' id='word_1_194' title='bbox 87 2101 156 2174; x_wconf 89' lang='lat' dir='ltr'><strong>quin</strong></span> <span class='ocrx_word' id='word_1_195' title='bbox 178 2101 264 2159; x_wconf 89' lang='lat' dir='ltr'><strong>etiam</strong></span> <span class='ocrx_word' id='word_1_196' title='bbox 280 2103 341 2174; x_wconf 88' lang='lat' dir='ltr'><strong>jam</strong></span> <span class='ocrx_word' id='word_1_197' title='bbox 359 2109 502 2162; x_wconf 90' lang='lat' dir='ltr'><strong>mortuum</strong></span> <span class='ocrx_word' id='word_1_198' title='bbox 523 2103 677 2162; x_wconf 87' lang='lat' dir='ltr'><strong>mendaciis</strong></span> <span class='ocrx_word' id='word_1_199' title='bbox 697 2110 821 2163; x_wconf 89' lang='lat' dir='ltr'><strong>onerant</strong></span> <span class='ocrx_word' id='word_1_200' title='bbox 841 2107 871 2162; x_wconf 90' lang='lat' dir='ltr'><strong>et</strong></span> <span class='ocrx_word' id='word_1_201' title='bbox 893 2107 1051 2162; x_wconf 86' lang='lat' dir='ltr'><strong>commento</strong></span> <span class='ocrx_word' id='word_1_202' title='bbox 1073 2102 1195 2164; x_wconf 89' lang='lat' dir='ltr'><strong>conficto</strong></span> <span class='ocrx_word' id='word_1_203' title='bbox 1215 2119 1254 2163; x_wconf 79' lang='lat' dir='ltr'><strong>se</strong></span> 
     </span>
     <span class='ocr_line' id='line_1_21' title="bbox 87 2204 1256 2281; baseline 0.006 -19"><span class='ocrx_word' id='word_1_204' title='bbox 87 2204 237 2279; x_wconf 86' lang='lat' dir='ltr'><strong>pulchrum</strong></span> <span class='ocrx_word' id='word_1_205' title='bbox 256 2204 440 2278; x_wconf 80' lang='lat' dir='ltr'><strong>obsignantes</strong></span> <span class='ocrx_word' id='word_1_206' title='bbox 459 2206 590 2266; x_wconf 87' lang='lat' dir='ltr'><strong>custodes</strong></span> <span class='ocrx_word' id='word_1_207' title='bbox 609 2206 701 2265; x_wconf 91' lang='lat' dir='ltr'><strong>eidem</strong></span> <span class='ocrx_word' id='word_1_208' title='bbox 720 2207 886 2268; x_wconf 88' lang='lat' dir='ltr'><strong>adhibuere.</strong></span> <span class='ocrx_word' id='word_1_209' title='bbox 924 2209 1152 2281; x_wconf 88' lang='lat' dir='ltr'><strong>Benignissimus</strong></span> <span class='ocrx_word' id='word_1_210' title='bbox 1165 2214 1256 2269; x_wconf 85' lang='lat' dir='ltr'><strong>autam</strong></span> 
     </span>
     <span class='ocr_line' id='line_1_22' title="bbox 88 2307 1254 2390; baseline 0.007 -23"><span class='ocrx_word' id='word_1_211' title='bbox 88 2307 167 2367; x_wconf 92' lang='lat' dir='ltr'><strong>Deus</strong></span> <span class='ocrx_word' id='word_1_212' title='bbox 182 2314 280 2367; x_wconf 86' lang='lat' dir='ltr'><strong>noster</strong></span> <span class='ocrx_word' id='word_1_213' title='bbox 299 2308 385 2369; x_wconf 79' lang='lat' dir='ltr'><strong>lesus</strong></span> <span class='ocrx_word' id='word_1_214' title='bbox 405 2309 534 2370; x_wconf 83' lang='lat' dir='ltr'><strong>Christus</strong></span> <span class='ocrx_word' id='word_1_215' title='bbox 555 2329 608 2386; x_wconf 91' lang='lat' dir='ltr'><strong>per</strong></span> <span class='ocrx_word' id='word_1_216' title='bbox 627 2314 722 2371; x_wconf 87' lang='lat' dir='ltr'><strong>omnia</strong></span> <span class='ocrx_word' id='word_1_217' title='bbox 742 2328 842 2371; x_wconf 91' lang='lat' dir='ltr'><strong>eorum</strong></span> <span class='ocrx_word' id='word_1_218' title='bbox 862 2314 984 2373; x_wconf 89' lang='lat' dir='ltr'><strong>salutem</strong></span> <span class='ocrx_word' id='word_1_219' title='bbox 1003 2329 1139 2386; x_wconf 87' lang='lat' dir='ltr'><strong>quaereus</strong></span> <span class='ocrx_word' id='word_1_220' title='bbox 1154 2315 1254 2390; x_wconf 82' lang='lat' dir='ltr'><strong>glorio·</strong></span> 
     </span>
     <span class='ocr_line' id='line_1_23' title="bbox 88 2410 1255 2493; baseline 0.003 -20"><span class='ocrx_word' id='word_1_221' title='bbox 88 2429 148 2473; x_wconf 87' lang='lat' dir='ltr'><strong>sam</strong></span> <span class='ocrx_word' id='word_1_222' title='bbox 162 2410 402 2476; x_wconf 83' lang='lat' dir='ltr'><strong>resurrectionem</strong></span> <span class='ocrx_word' id='word_1_223' title='bbox 421 2432 502 2476; x_wconf 90' lang='lat' dir='ltr'><strong>suam</strong></span> <span class='ocrx_word' id='word_1_224' title='bbox 522 2433 578 2477; x_wconf 89' lang='lat' dir='ltr'><strong>non</strong></span> <span class='ocrx_word' id='word_1_225' title='bbox 600 2434 653 2490; x_wconf 90' lang='lat' dir='ltr'><strong>per</strong></span> <span class='ocrx_word' id='word_1_226' title='bbox 669 2418 832 2492; x_wconf 85' lang='lat' dir='ltr'><strong>discipulos,</strong></span> <span class='ocrx_word' id='word_1_227' title='bbox 859 2435 917 2477; x_wconf 92' lang='lat' dir='ltr'><strong>non</strong></span> <span class='ocrx_word' id='word_1_228' title='bbox 937 2436 990 2493; x_wconf 90' lang='lat' dir='ltr'><strong>per</strong></span> <span class='ocrx_word' id='word_1_229' title='bbox 1009 2420 1192 2479; x_wconf 85' lang='lat' dir='ltr'><strong>mulierculas</strong></span> <span class='ocrx_word' id='word_1_230' title='bbox 1210 2424 1255 2479; x_wconf 87' lang='lat' dir='ltr'><strong>avt</strong></span> 
     </span>
     <span class='ocr_line' id='line_1_24' title="bbox 87 2519 1253 2599; baseline 0.006 -22"><span class='ocrx_word' id='word_1_231' title='bbox 87 2534 139 2594; x_wconf 88' lang='lat' dir='ltr'><strong>per</strong></span> <span class='ocrx_word' id='word_1_232' title='bbox 155 2519 292 2595; x_wconf 90' lang='lat' dir='ltr'><strong>homines,</strong></span> <span class='ocrx_word' id='word_1_233' title='bbox 315 2537 387 2594; x_wconf 86' lang='lat' dir='ltr'><strong>quos</strong></span> <span class='ocrx_word' id='word_1_234' title='bbox 402 2521 489 2581; x_wconf 88' lang='lat' dir='ltr'><strong>ullam</strong></span> <span class='ocrx_word' id='word_1_235' title='bbox 504 2523 540 2582; x_wconf 95' lang='lat' dir='ltr'><strong>ob</strong></span> <span class='ocrx_word' id='word_1_236' title='bbox 558 2538 674 2581; x_wconf 89' lang='lat' dir='ltr'><strong>causam</strong></span> <span class='ocrx_word' id='word_1_237' title='bbox 695 2530 842 2596; x_wconf 87' lang='lat' dir='ltr'><strong>suspectos</strong></span> <span class='ocrx_word' id='word_1_238' title='bbox 862 2523 968 2583; x_wconf 89' lang='lat' dir='ltr'><strong>habere</strong></span> <span class='ocrx_word' id='word_1_239' title='bbox 988 2532 1116 2598; x_wconf 86' lang='lat' dir='ltr'><strong>possent,</strong></span> <span class='ocrx_word' id='word_1_240' title='bbox 1141 2525 1194 2585; x_wconf 88' lang='lat' dir='ltr'><strong>sed</strong></span> <span class='ocrx_word' id='word_1_241' title='bbox 1207 2539 1253 2599; x_wconf 84' lang='lat' dir='ltr'><strong>per</strong></span> 
     </span>
     <span class='ocr_line' id='line_1_25' title="bbox 87 2627 1252 2704; baseline 0.003 -18"><span class='ocrx_word' id='word_1_242' title='bbox 87 2644 150 2700; x_wconf 93' lang='lat' dir='ltr'><strong>eos,</strong></span> <span class='ocrx_word' id='word_1_243' title='bbox 175 2644 246 2699; x_wconf 91' lang='lat' dir='ltr'><strong>quos</strong></span> <span class='ocrx_word' id='word_1_244' title='bbox 266 2629 321 2701; x_wconf 90' lang='lat' dir='ltr'><strong>ipsi</strong></span> <span class='ocrx_word' id='word_1_245' title='bbox 342 2643 394 2685; x_wconf 89' lang='lat' dir='ltr'><strong>suo</strong></span> <span class='ocrx_word' id='word_1_246' title='bbox 415 2643 473 2685; x_wconf 81' lang='lat' dir='ltr'><strong>aere</strong></span> <span class='ocrx_word' id='word_1_247' title='bbox 492 2627 529 2686; x_wconf 90' lang='lat' dir='ltr'><strong>ad</strong></span> <span class='ocrx_word' id='word_1_248' title='bbox 548 2629 690 2702; x_wconf 88' lang='lat' dir='ltr'><strong>sepulchri</strong></span> <span class='ocrx_word' id='word_1_249' title='bbox 711 2628 868 2687; x_wconf 89' lang='lat' dir='ltr'><strong>custodiam</strong></span> <span class='ocrx_word' id='word_1_250' title='bbox 888 2629 1094 2703; x_wconf 84' lang='lat' dir='ltr'><strong>conduxerant,</strong></span> <span class='ocrx_word' id='word_1_251' title='bbox 1118 2632 1191 2704; x_wconf 89' lang='lat' dir='ltr'><strong>ipsis</strong></span> <span class='ocrx_word' id='word_1_252' title='bbox 1209 2645 1252 2688; x_wconf 77' lang='lat' dir='ltr'><strong>au</strong></span> 
     </span>
     <span class='ocr_line' id='line_1_26' title="bbox 88 2732 1250 2807; baseline 0.002 -16"><span class='ocrx_word' id='word_1_253' title='bbox 88 2733 217 2791; x_wconf 87' lang='lat' dir='ltr'><strong>nunciari</strong></span> <span class='ocrx_word' id='word_1_254' title='bbox 238 2732 336 2791; x_wconf 90' lang='lat' dir='ltr'><strong>voluit.</strong></span> <span class='ocrx_word' id='word_1_255' title='bbox 375 2733 482 2790; x_wconf 90' lang='lat' dir='ltr'><strong>Verum</strong></span> <span class='ocrx_word' id='word_1_256' title='bbox 502 2749 555 2792; x_wconf 91' lang='lat' dir='ltr'><strong>nec</strong></span> <span class='ocrx_word' id='word_1_257' title='bbox 574 2733 630 2791; x_wconf 90' lang='lat' dir='ltr'><strong>hoo</strong></span> <span class='ocrx_word' id='word_1_258' title='bbox 649 2732 787 2793; x_wconf 89' lang='lat' dir='ltr'><strong>beneficio</strong></span> <span class='ocrx_word' id='word_1_259' title='bbox 807 2751 856 2793; x_wconf 91' lang='lat' dir='ltr'><strong>eos</strong></span> <span class='ocrx_word' id='word_1_260' title='bbox 878 2750 1001 2807; x_wconf 86' lang='lat' dir='ltr'><strong>quoque,</strong></span> <span class='ocrx_word' id='word_1_261' title='bbox 1024 2739 1057 2792; x_wconf 87' lang='lat' dir='ltr'><strong>ut</strong></span> <span class='ocrx_word' id='word_1_262' title='bbox 1077 2735 1181 2795; x_wconf 90' lang='lat' dir='ltr'><strong>salutis</strong></span> <span class='ocrx_word' id='word_1_263' title='bbox 1199 2749 1250 2793; x_wconf 72' lang='lat' dir='ltr'><strong>san</strong></span> 
     </span>
     <span class='ocr_line' id='line_1_27' title="bbox 88 2835 1248 2914; baseline 0.004 -20"><span class='ocrx_word' id='word_1_264' title='bbox 88 2837 228 2895; x_wconf 89' lang='lat' dir='ltr'><strong>rationem</strong></span> <span class='ocrx_word' id='word_1_265' title='bbox 248 2835 354 2894; x_wconf 85' lang='lat' dir='ltr'><strong>habere</strong></span> <span class='ocrx_word' id='word_1_266' title='bbox 375 2835 526 2909; x_wconf 89' lang='lat' dir='ltr'><strong>volueriut,</strong></span> <span class='ocrx_word' id='word_1_267' title='bbox 550 2835 694 2895; x_wconf 91' lang='lat' dir='ltr'><strong>adducere</strong></span> <span class='ocrx_word' id='word_1_268' title='bbox 714 2841 819 2912; x_wconf 91' lang='lat' dir='ltr'><strong>potuit,</strong></span> <span class='ocrx_word' id='word_1_269' title='bbox 843 2841 913 2912; x_wconf 89' lang='lat' dir='ltr'><strong>quin</strong></span> <span class='ocrx_word' id='word_1_270' title='bbox 932 2841 1050 2913; x_wconf 86' lang='lat' dir='ltr'><strong>iusuper</strong></span> <span class='ocrx_word' id='word_1_271' title='bbox 1069 2841 1165 2914; x_wconf 88' lang='lat' dir='ltr'><strong>ipsam</strong></span> <span class='ocrx_word' id='word_1_272' title='bbox 1183 2838 1248 2899; x_wconf 82' lang='lat' dir='ltr'><strong>vori-</strong></span> 
     </span>
     <span class='ocr_line' id='line_1_28' title="bbox 87 2939 1249 3020; baseline 0.004 -20"><span class='ocrx_word' id='word_1_273' title='bbox 87 2945 175 3000; x_wconf 84' lang='lat' dir='ltr'><strong>tatem</strong></span> <span class='ocrx_word' id='word_1_274' title='bbox 190 2939 344 2998; x_wconf 88' lang='lat' dir='ltr'><strong>mendaciis</strong></span> <span class='ocrx_word' id='word_1_275' title='bbox 359 2945 389 2999; x_wconf 91' lang='lat' dir='ltr'><strong>et</strong></span> <span class='ocrx_word' id='word_1_276' title='bbox 403 2940 603 3014; x_wconf 76' lang='lat' dir='ltr'><strong>largitionibus</strong></span> <span class='ocrx_word' id='word_1_277' title='bbox 619 2941 740 3002; x_wconf 84' lang='lat' dir='ltr'><strong>obruere</strong></span> <span class='ocrx_word' id='word_1_278' title='bbox 754 2944 851 3002; x_wconf 88' lang='lat' dir='ltr'><strong>eonati</strong></span> <span class='ocrx_word' id='word_1_279' title='bbox 870 2950 944 3003; x_wconf 87' lang='lat' dir='ltr'><strong>sunt.</strong></span> <span class='ocrx_word' id='word_1_280' title='bbox 974 2944 1022 3003; x_wconf 84' lang='lat' dir='ltr'><strong>Ad</strong></span> <span class='ocrx_word' id='word_1_281' title='bbox 1041 2944 1098 3004; x_wconf 89' lang='lat' dir='ltr'><strong>hoc</strong></span> <span class='ocrx_word' id='word_1_282' title='bbox 1112 2951 1144 3004; x_wconf 88' lang='lat' dir='ltr'><strong>et</strong></span> <span class='ocrx_word' id='word_1_283' title='bbox 1158 2942 1249 3020; x_wconf 82' lang='lat' dir='ltr'><strong>priori·</strong></span> 
     </span>
     <span class='ocr_line' id='line_1_29' title="bbox 87 3045 1248 3124; baseline 0.005 -20"><span class='ocrx_word' id='word_1_284' title='bbox 87 3045 140 3104; x_wconf 89' lang='lat' dir='ltr'><strong>bus</strong></span> <span class='ocrx_word' id='word_1_285' title='bbox 161 3045 242 3104; x_wconf 90' lang='lat' dir='ltr'><strong>malis</strong></span> <span class='ocrx_word' id='word_1_286' title='bbox 262 3045 458 3105; x_wconf 84' lang='lat' dir='ltr'><strong>excusationes</strong></span> <span class='ocrx_word' id='word_1_287' title='bbox 473 3047 504 3104; x_wconf 93' lang='lat' dir='ltr'><strong>in</strong></span> <span class='ocrx_word' id='word_1_288' title='bbox 522 3048 646 3121; x_wconf 85' lang='lat' dir='ltr'><strong>peccatis</strong></span> <span class='ocrx_word' id='word_1_289' title='bbox 662 3047 809 3123; x_wconf 83' lang='lat' dir='ltr'><strong>addentes,</strong></span> <span class='ocrx_word' id='word_1_290' title='bbox 832 3049 968 3110; x_wconf 89' lang='lat' dir='ltr'><strong>militibus</strong></span> <span class='ocrx_word' id='word_1_291' title='bbox 989 3049 1125 3124; x_wconf 86' lang='lat' dir='ltr'><strong>polliciti,</strong></span> <span class='ocrx_word' id='word_1_292' title='bbox 1150 3067 1182 3110; x_wconf 86' lang='lat' dir='ltr'><strong>se</strong></span> <span class='ocrx_word' id='word_1_293' title='bbox 1201 3048 1248 3109; x_wconf 71' lang='lat' dir='ltr'><strong>illia</strong></span> 
     </span>
     <span class='ocr_line' id='line_1_30' title="bbox 87 3150 1246 3231; baseline 0.005 -22"><span class='ocrx_word' id='word_1_294' title='bbox 87 3168 186 3225; x_wconf 87' lang='lat' dir='ltr'><strong>pacem</strong></span> <span class='ocrx_word' id='word_1_295' title='bbox 201 3150 278 3224; x_wconf 90' lang='lat' dir='ltr'><strong>apud</strong></span> <span class='ocrx_word' id='word_1_296' title='bbox 293 3150 444 3225; x_wconf 85' lang='lat' dir='ltr'><strong>praesulem</strong></span> <span class='ocrx_word' id='word_1_297' title='bbox 458 3151 504 3209; x_wconf 91' lang='lat' dir='ltr'><strong>vel</strong></span> <span class='ocrx_word' id='word_1_298' title='bbox 517 3154 613 3226; x_wconf 90' lang='lat' dir='ltr'><strong>potins</strong></span> <span class='ocrx_word' id='word_1_299' title='bbox 628 3155 766 3214; x_wconf 87' lang='lat' dir='ltr'><strong>socordiae</strong></span> <span class='ocrx_word' id='word_1_300' title='bbox 786 3159 816 3213; x_wconf 91' lang='lat' dir='ltr'><strong>et</strong></span> <span class='ocrx_word' id='word_1_301' title='bbox 827 3155 968 3215; x_wconf 86' lang='lat' dir='ltr'><strong>mendacii</strong></span> <span class='ocrx_word' id='word_1_302' title='bbox 979 3155 1180 3228; x_wconf 87' lang='lat' dir='ltr'><strong>impunitatem</strong></span> <span class='ocrx_word' id='word_1_303' title='bbox 1191 3170 1246 3231; x_wconf 80' lang='lat' dir='ltr'><strong>pro</strong></span> 
     </span>
     <span class='ocr_line' id='line_1_31' title="bbox 87 3254 1246 3335; baseline 0.006 -21"><span class='ocrx_word' id='word_1_304' title='bbox 87 3263 246 3316; x_wconf 89' lang='lat' dir='ltr'><strong>curaturos.</strong></span> <span class='ocrx_word' id='word_1_305' title='bbox 278 3254 410 3314; x_wconf 88' lang='lat' dir='ltr'><strong>Ostendit</strong></span> <span class='ocrx_word' id='word_1_306' title='bbox 424 3262 518 3316; x_wconf 91' lang='lat' dir='ltr'><strong>autem</strong></span> <span class='ocrx_word' id='word_1_307' title='bbox 534 3257 578 3316; x_wconf 91' lang='lat' dir='ltr'><strong>hic</strong></span> <span class='ocrx_word' id='word_1_308' title='bbox 593 3260 770 3318; x_wconf 90' lang='lat' dir='ltr'><strong>ecclesiastes</strong></span> <span class='ocrx_word' id='word_1_309' title='bbox 786 3275 840 3332; x_wconf 89' lang='lat' dir='ltr'><strong>per</strong></span> <span class='ocrx_word' id='word_1_310' title='bbox 854 3260 964 3331; x_wconf 89' lang='lat' dir='ltr'><strong>aliquot</strong></span> <span class='ocrx_word' id='word_1_311' title='bbox 979 3266 1159 3334; x_wconf 90' lang='lat' dir='ltr'><strong>argumenta,</strong></span> <span class='ocrx_word' id='word_1_312' title='bbox 1174 3272 1246 3335; x_wconf 69' lang='lat' dir='ltr'><strong>qm!</strong></span> 
     </span>
     <span class='ocr_line' id='line_1_32' title="bbox 88 3359 1246 3442; baseline 0.007 -23"><span class='ocrx_word' id='word_1_313' title='bbox 88 3378 145 3420; x_wconf 94' lang='lat' dir='ltr'><strong>uon</strong></span> <span class='ocrx_word' id='word_1_314' title='bbox 167 3359 277 3420; x_wconf 84' lang='lat' dir='ltr'><strong>Judaeis</strong></span> <span class='ocrx_word' id='word_1_315' title='bbox 299 3361 330 3419; x_wconf 93' lang='lat' dir='ltr'><strong>iu</strong></span> <span class='ocrx_word' id='word_1_316' title='bbox 349 3367 472 3420; x_wconf 91' lang='lat' dir='ltr'><strong>mentem</strong></span> <span class='ocrx_word' id='word_1_317' title='bbox 493 3367 606 3423; x_wconf 89' lang='lat' dir='ltr'><strong>venerit</strong></span> <span class='ocrx_word' id='word_1_318' title='bbox 629 3366 733 3423; x_wconf 90' lang='lat' dir='ltr'><strong>veteris</strong></span> <span class='ocrx_word' id='word_1_319' title='bbox 755 3363 913 3439; x_wconf 88' lang='lat' dir='ltr'><strong>proverbii,</strong></span> <span class='ocrx_word' id='word_1_320' title='bbox 938 3365 1104 3424; x_wconf 88' lang='lat' dir='ltr'><strong>mendaeem</strong></span> <span class='ocrx_word' id='word_1_321' title='bbox 1124 3372 1246 3442; x_wconf 72' lang='lat' dir='ltr'><strong>oportere</strong></span> 
     </span>
     <span class='ocr_line' id='line_1_33' title="bbox 88 3467 1245 3544; baseline 0.005 -21"><span class='ocrx_word' id='word_1_322' title='bbox 88 3480 150 3524; x_wconf 86' lang='lat' dir='ltr'><strong>osse</strong></span> <span class='ocrx_word' id='word_1_323' title='bbox 164 3480 326 3539; x_wconf 89' lang='lat' dir='ltr'><strong>memorem,</strong></span> <span class='ocrx_word' id='word_1_324' title='bbox 351 3473 380 3525; x_wconf 89' lang='lat' dir='ltr'><strong>et</strong></span> <span class='ocrx_word' id='word_1_325' title='bbox 399 3467 473 3527; x_wconf 89' lang='lat' dir='ltr'><strong>lranc</strong></span> <span class='ocrx_word' id='word_1_326' title='bbox 492 3469 604 3527; x_wconf 91' lang='lat' dir='ltr'><strong>unicam</strong></span> <span class='ocrx_word' id='word_1_327' title='bbox 624 3469 764 3529; x_wconf 84' lang='lat' dir='ltr'><strong>mendacii</strong></span> <span class='ocrx_word' id='word_1_328' title='bbox 784 3469 957 3539; x_wconf 88' lang='lat' dir='ltr'><strong>mercedem,</strong></span> <span class='ocrx_word' id='word_1_329' title='bbox 982 3477 1015 3528; x_wconf 92' lang='lat' dir='ltr'><strong>ut</strong></span> <span class='ocrx_word' id='word_1_330' title='bbox 1034 3471 1175 3544; x_wconf 87' lang='lat' dir='ltr'><strong>quicquid</strong></span> <span class='ocrx_word' id='word_1_331' title='bbox 1191 3467 1245 3529; x_wconf 76' lang='lat' dir='ltr'><strong>mali</strong></span> 
     </span>
     <span class='ocr_line' id='line_1_34' title="bbox 87 3571 1246 3646; baseline 0.008 -19"><span class='ocrx_word' id='word_1_332' title='bbox 87 3571 155 3630; x_wconf 90' lang='lat' dir='ltr'><strong>inde</strong></span> <span class='ocrx_word' id='word_1_333' title='bbox 170 3571 324 3644; x_wconf 89' lang='lat' dir='ltr'><strong>contingat,</strong></span> <span class='ocrx_word' id='word_1_334' title='bbox 348 3573 482 3646; x_wconf 81' lang='lat' dir='ltr'><strong>tuipsius</strong></span> <span class='ocrx_word' id='word_1_335' title='bbox 497 3574 660 3632; x_wconf 87' lang='lat' dir='ltr'><strong>mentientis</strong></span> <span class='ocrx_word' id='word_1_336' title='bbox 675 3579 762 3646; x_wconf 89' lang='lat' dir='ltr'><strong>caput</strong></span> <span class='ocrx_word' id='word_1_337' title='bbox 775 3573 893 3646; x_wconf 87' lang='lat' dir='ltr'><strong>resiliat,</strong></span> <span class='ocrx_word' id='word_1_338' title='bbox 917 3582 950 3633; x_wconf 90' lang='lat' dir='ltr'><strong>ut</strong></span> <span class='ocrx_word' id='word_1_339' title='bbox 964 3589 1031 3632; x_wconf 86' lang='lat' dir='ltr'><strong>vcro</strong></span> <span class='ocrx_word' id='word_1_340' title='bbox 1049 3575 1107 3635; x_wconf 88' lang='lat' dir='ltr'><strong>illis</strong></span> <span class='ocrx_word' id='word_1_341' title='bbox 1122 3573 1246 3636; x_wconf 66' lang='lat' dir='ltr'><strong>accider&#39;l</strong></span> 
     </span>
     <span class='ocr_line' id='line_1_35' title="bbox 82 3675 1263 3758; baseline 0.006 -23"><span class='ocrx_word' id='word_1_342' title='bbox 82 3677 167 3749; x_wconf 81' lang='lat' dir='ltr'><strong>juxta</strong></span> <span class='ocrx_word' id='word_1_343' title='bbox 181 3675 321 3735; x_wconf 89' lang='lat' dir='ltr'><strong>Davidem</strong></span> <span class='ocrx_word' id='word_1_344' title='bbox 336 3677 518 3758; x_wconf 72' lang='lat' dir='ltr'><strong>prophetam:</strong></span> <span class='ocrx_word' id='word_1_345' title='bbox 535 3678 659 3736; x_wconf 85' lang='lat' dir='ltr'><strong>Mentita</strong></span> <span class='ocrx_word' id='word_1_346' title='bbox 673 3682 718 3735; x_wconf 90' lang='lat' dir='ltr'><strong>est</strong></span> <span class='ocrx_word' id='word_1_347' title='bbox 732 3679 867 3750; x_wconf 85' lang='lat' dir='ltr'><strong>iniquitas</strong></span> <span class='ocrx_word' id='word_1_348' title='bbox 883 3679 945 3737; x_wconf 89' lang='lat' dir='ltr'><strong>sibi.</strong></span> <span class='ocrx_word' id='word_1_349' title='bbox 975 3680 1078 3750; x_wconf 85' lang='lat' dir='ltr'><strong>Itaque</strong></span> <span class='ocrx_word' id='word_1_350' title='bbox 1094 3677 1263 3749; x_wconf 61' lang='lat' dir='ltr'><strong>marmot:</strong></span> 
     </span>
     <span class='ocr_line' id='line_1_36' title="bbox 86 3778 1265 3868; baseline 0.006 -29"><span class='ocrx_word' id='word_1_351' title='bbox 86 3778 249 3855; x_wconf 81' lang='lat' dir='ltr'><strong>effecerunt,</strong></span> <span class='ocrx_word' id='word_1_352' title='bbox 273 3787 305 3839; x_wconf 91' lang='lat' dir='ltr'><strong>nt</strong></span> <span class='ocrx_word' id='word_1_353' title='bbox 325 3784 416 3841; x_wconf 90' lang='lat' dir='ltr'><strong>omnis</strong></span> <span class='ocrx_word' id='word_1_354' title='bbox 436 3783 606 3858; x_wconf 89' lang='lat' dir='ltr'><strong>perditionis</strong></span> <span class='ocrx_word' id='word_1_355' title='bbox 622 3797 719 3839; x_wconf 88' lang='lat' dir='ltr'><strong>eornm</strong></span> <span class='ocrx_word' id='word_1_356' title='bbox 734 3784 818 3857; x_wconf 89' lang='lat' dir='ltr'><strong>culpa</strong></span> <span class='ocrx_word' id='word_1_357' title='bbox 833 3799 890 3842; x_wconf 90' lang='lat' dir='ltr'><strong>non</strong></span> <span class='ocrx_word' id='word_1_358' title='bbox 905 3785 934 3842; x_wconf 91' lang='lat' dir='ltr'><strong>iu</strong></span> <span class='ocrx_word' id='word_1_359' title='bbox 950 3784 1265 3868; x_wconf 65' lang='lat' dir='ltr'><strong>introductionum,</strong></span> 
     </span>
     <span class='ocr_line' id='line_1_37' title="bbox 85 3886 1263 3964; baseline 0.004 -20"><span class='ocrx_word' id='word_1_360' title='bbox 85 3886 194 3958; x_wconf 78' lang='lat' dir='ltr'><strong>lesum,</strong></span> <span class='ocrx_word' id='word_1_361' title='bbox 205 3886 256 3945; x_wconf 88' lang='lat' dir='ltr'><strong>sed</strong></span> <span class='ocrx_word' id='word_1_362' title='bbox 271 3889 300 3945; x_wconf 92' lang='lat' dir='ltr'><strong>iu</strong></span> <span class='ocrx_word' id='word_1_363' title='bbox 313 3889 451 3962; x_wconf 86' lang='lat' dir='ltr'><strong>ipsosmet</strong></span> <span class='ocrx_word' id='word_1_364' title='bbox 464 3887 608 3947; x_wconf 89' lang='lat' dir='ltr'><strong>redundet</strong></span> <span class='ocrx_word' id='word_1_365' title='bbox 622 3893 675 3944; x_wconf 83' lang='lat' dir='ltr'><strong>etc.</strong></span> <span class='ocrx_word' id='word_1_366' title='bbox 708 3888 852 3960; x_wconf 87' lang='lat' dir='ltr'><strong>Similiter,</strong></span> <span class='ocrx_word' id='word_1_367' title='bbox 869 3890 970 3962; x_wconf 88' lang='lat' dir='ltr'><strong>iuquit,</strong></span> <span class='ocrx_word' id='word_1_368' title='bbox 987 3887 1105 3949; x_wconf 88' lang='lat' dir='ltr'><strong>etDeus</strong></span> <span class='ocrx_word' id='word_1_369' title='bbox 1121 3907 1191 3964; x_wconf 82' lang='lat' dir='ltr'><strong>erga</strong></span> <span class='ocrx_word' id='word_1_370' title='bbox 1203 3898 1263 3963; x_wconf 67' lang='grc' dir='ltr'><strong>ν,</strong></span> 
     </span>
     <span class='ocr_line' id='line_1_38' title="bbox 86 3972 1265 4075; baseline 0.006 -29"><span class='ocrx_word' id='word_1_371' title='bbox 86 3990 254 4064; x_wconf 87' lang='lat' dir='ltr'><strong>longanimis</strong></span> <span class='ocrx_word' id='word_1_372' title='bbox 270 3997 322 4064; x_wconf 89' lang='lat' dir='ltr'><strong>est,</strong></span> <span class='ocrx_word' id='word_1_373' title='bbox 346 4009 404 4051; x_wconf 91' lang='lat' dir='ltr'><strong>non</strong></span> <span class='ocrx_word' id='word_1_374' title='bbox 420 3993 516 4050; x_wconf 86' lang='lat' dir='ltr'><strong>statim</strong></span> <span class='ocrx_word' id='word_1_375' title='bbox 532 3992 636 4050; x_wconf 90' lang='lat' dir='ltr'><strong>delicta</strong></span> <span class='ocrx_word' id='word_1_376' title='bbox 652 3972 751 4052; x_wconf 74' lang='lat' dir='ltr'><strong>nostra</strong></span> <span class='ocrx_word' id='word_1_377' title='bbox 765 3995 855 4066; x_wconf 89' lang='lat' dir='ltr'><strong>punit.</strong></span> <span class='ocrx_word' id='word_1_378' title='bbox 886 3995 940 4052; x_wconf 82' lang='lat' dir='ltr'><strong>Ast</strong></span> <span class='ocrx_word' id='word_1_379' title='bbox 960 4011 1043 4052; x_wconf 81' lang='lat' dir='ltr'><strong>nonio</strong></span> <span class='ocrx_word' id='word_1_380' title='bbox 1063 3994 1117 4054; x_wconf 88' lang='lat' dir='ltr'><strong>hoc</strong></span> <span class='ocrx_word' id='word_1_381' title='bbox 1137 3992 1242 4053; x_wconf 68' lang='lat' dir='ltr'><strong>teroem</strong></span> <span class='ocrx_word' id='word_1_382' title='bbox 1259 4040 1265 4075; x_wconf 88' lang='lat'>:</span> 
     </span>
     <span class='ocr_line' id='line_1_39' title="bbox 86 4076 1265 4174; baseline 0.003 -20"><span class='ocrx_word' id='word_1_383' title='bbox 86 4102 136 4154; x_wconf 86' lang='lat' dir='ltr'><strong>aut</strong></span> <span class='ocrx_word' id='word_1_384' title='bbox 155 4097 335 4170; x_wconf 82' lang='lat' dir='ltr'><strong>impoeuitens</strong></span> <span class='ocrx_word' id='word_1_385' title='bbox 355 4102 532 4170; x_wconf 90' lang='lat' dir='ltr'><strong>permaneat.</strong></span> <span class='ocrx_word' id='word_1_386' title='bbox 564 4097 594 4154; x_wconf 86' lang='lat' dir='ltr'><strong>Si</strong></span> <span class='ocrx_word' id='word_1_387' title='bbox 613 4099 687 4155; x_wconf 90' lang='lat' dir='ltr'><strong>euim</strong></span> <span class='ocrx_word' id='word_1_388' title='bbox 708 4099 749 4157; x_wconf 87' lang='lat' dir='ltr'><strong>sic</strong></span> <span class='ocrx_word' id='word_1_389' title='bbox 767 4101 934 4172; x_wconf 88' lang='lat' dir='ltr'><strong>periremus,</strong></span> <span class='ocrx_word' id='word_1_390' title='bbox 959 4116 1017 4157; x_wconf 93' lang='lat' dir='ltr'><strong>non</strong></span> <span class='ocrx_word' id='word_1_391' title='bbox 1035 4098 1111 4172; x_wconf 89' lang='lat' dir='ltr'><strong>Deo,</strong></span> <span class='ocrx_word' id='word_1_392' title='bbox 1134 4101 1184 4174; x_wconf 83' lang='lat' dir='ltr'><strong>qai</strong></span> <span class='ocrx_word' id='word_1_393' title='bbox 1202 4106 1242 4157; x_wconf 63' lang='lat' dir='ltr'><strong>a·</strong></span> <span class='ocrx_word' id='word_1_394' title='bbox 1263 4076 1265 4083; x_wconf 27' lang='grc' dir='ltr'>Ι</span> 
     </span>
    </p>
   </div>
   <div class='ocr_carea' id='block_1_3' title="bbox 0 0 1344 4546">
    <p class='ocr_par' dir='ltr' id='par_1_3' title="bbox 0 0 1344 4546">
     <span class='ocr_line' id='line_1_40' title="bbox 0 0 1344 4546; baseline 0 0"><span class='ocrx_word' id='word_1_395' title='bbox 0 0 1344 4546; x_wconf 95' lang='lat' dir='ltr'><strong> </strong></span> 
     </span>
    </p>
   </div>
  </div>
 </body>
</html>
