2678 4546
677 39 745 103 ²08

127 227 257 282 nostrum
280 218 319 281 da
340 219 422 280 nobis
443 219 531 280 hodie
553 218 750 294 quotidianum
773 234 895 294 eumque
914 218 1026 280 Davide
1050 235 1135 281 saruc
1150 224 1204 279 tue
1218 219 1298 296 adju-

126 333 213 387 vante
229 343 281 387 nos
297 326 400 399 spiritu
415 331 513 386 sancto
528 331 578 386 tuo
594 325 792 398 inclamamus,
816 343 852 385 ne
868 324 981 387 auferas
996 325 1117 386 uerbum
1137 324 1259 387 acordc
1272 332 1300 386 et

127 448 178 492 ore
193 449 266 492 meo.
289 432 345 505 En,
362 431 562 504 benignissime
578 437 669 504 pater,
683 431 766 503 jussu
780 429 832 489 filii
847 433 890 491 tui
903 432 1038 507 petimus,
1054 447 1114 489 non
1129 429 1214 491 dabis
1229 431 1297 504 lapi·

127 537 191 597 dem
206 537 368 612 petentibus
383 552 495 610 panem,
512 552 630 610 panem,
646 541 744 610 pater,
762 537 873 595 animae.
912 536 1002 611 quue
1017 544 1045 596 te
1061 536 1252 623 deprecamur
1266 536 1299 596 ob

127 659 207 717 cum,
228 643 258 701 in
279 659 335 715 quo
357 659 409 702 nos
438 648 505 702 ante
526 642 756 701 constitutionem
783 640 880 700 mundi
903 640 1041 717 dilexisti,
1071 643 1192 702 unicum
1213 640 1300 702 filium

126 754 216 824 tuum,
233 749 376 808 dominum
393 747 631 807 nostrumJesum
647 745 800 821 Christum,
817 748 866 822 qui
880 752 974 807 tecum
990 747 1060 808 vivit
1074 753 1105 808 et
1118 753 1226 822 regnat
1239 763 1300 806 cum

125 859 226 914 sancto
242 855 344 926 spiritu
360 854 390 910 in
405 853 501 916 secula
516 853 685 912 seculorum.
708 853 809 938 Amen.

214 958 323 1018 Eadem
338 958 530 1032 Rethbergius
540 974 558 1016 a
567 957 677 1018 Werda
691 956 770 1016 abiit.
796 956 979 1017 Chcnradum
988 955 1159 1017 Galactaum
1170 957 1299 1019 aSchou·

126 1065 204 1125 stadt
218 1063 409 1136 Noribergam
423 1064 593 1135 remisimus
609 1070 641 1122 ut
656 1062 777 1136 videret,
798 1080 865 1122 num
880 1061 1104 1136 christophorus
1118 1063 1234 1124 Feurer
1247 1062 1298 1123 ibi·

126 1168 191 1229 dem
206 1174 291 1230 esset.
330 1169 405 1227 Nam
425 1168 462 1227 ad
477 1168 630 1227 Matthiam
644 1168 738 1227 Maler
763 1172 792 1228 et
806 1168 927 1228 Paulum
942 1165 1185 1244 Hundcrtpiundt
1203 1168 1296 1243 Augu·

126 1280 200 1335 stam
215 1275 329 1334 mittere
343 1273 436 1332 minus
451 1273 611 1333 consultum
626 1273 787 1332 videbatur.

216 1377 365 1439 Proiectus
387 1384 431 1437 est
450 1384 479 1437 et
498 1378 583 1439 hodie
603 1378 670 1438 hinc
694 1379 810 1452 quidam
835 1380 944 1439 aulicus
970 1395 1007 1438 cx
1026 1378 1298 1452 Hennenbergeusis

127 1486 263 1561 principis
285 1484 408 1558 familia,
438 1485 485 1557 qui
515 1487 682 1560 magistrum
707 1484 858 1544 Glaserum
883 1483 1055 1544 reducturus
1080 1489 1153 1543 erat
1192 1483 1298 1544 Eadem

127 1591 271 1652 Adrianus
286 1591 323 1651 ab
338 1593 469 1665 Augusta
492 1591 608 1649 ueniens
630 1590 742 1649 litteras
761 1590 872 1649 Liborii
892 1589 1005 1663 attulit,
1027 1594 1057 1649 et
1071 1587 1148 1648 idem
1164 1591 1299 1649 hesterno

128 1697 175 1757 die
189 1697 315 1757 nondum
331 1696 505 1770 Augustanis
521 1697 672 1756 conciones
688 1695 856 1755 interdictas
871 1711 933 1755 esse
949 1695 1056 1754 retulit.
1096 1695 1220 1755 Fratres
1235 1694 1296 1754 Col·

126 1804 240 1864 becheri
256 1803 328 1862 male
349 1818 412 1859 cum
428 1800 541 1860 domina
556 1817 680 1861 noverca
696 1801 877 1860 conveniunt.
927 1799 1028 1874 Equus
1041 1799 1167 1860 Adriani
1181 1801 1297 1862 Meris

126 1916 238 1985 septem
253 1909 389 1967 constitit.

216 2014 350 2090 Acceptis
365 2013 451 2087 igitur
471 2012 509 2071 ab
524 2011 653 2072 Adriano
676 2012 780 2072 litteris
804 2019 833 2071 et
854 2012 933 2086 equis
953 2011 1091 2088 ephippia
1105 2012 1256 2088 imponere
1268 2016 1296 2072 ct

123 2119 298 2195 jentaculum
313 2134 419 2179 mensae
435 2134 580 2193 apponere
598 2117 748 2191 jussimus,
774 2117 932 2177 Martinam
948 2117 1108 2192 Caesarem,
1124 2119 1176 2192 qui
1191 2117 1295 2192 alioqui

127 2226 263 2286 mandato
278 2225 462 2299 magistratus
477 2230 572 2283 tamen
588 2241 645 2285 non
667 2225 793 2282 omnium
807 2223 943 2284 mandato
957 2240 976 2283 a
990 2223 1080 2283 sacris
1100 2223 1233 2299 vacabat,
1249 2239 1294 2283 ac·

128 2340 281 2393 cersentes.
306 2331 449 2389 Martinus
466 2334 494 2388 et
509 2345 562 2403 ego
578 2331 774 2402 convenimus,
796 2335 828 2387 ut
848 2329 872 2387 si
887 2329 931 2390 sui
945 2329 1130 2402 magistratus
1145 2329 1177 2388 in
1193 2344 1293 2404 prope

128 2441 183 2499 sito
199 2441 360 2511 manerent,
383 2453 434 2496 nos
450 2435 600 2508 inviseret,
623 2436 837 2509 exploraturus,
860 2450 927 2492 num
946 2434 975 2491 in
992 2449 1026 2494 aa
1039 2434 1161 2508 regione
1177 2449 1293 2495 commc-

127 2547 186 2605 ran'
204 2546 319 2619 poterit.
359 2542 497 2601 Thaleros
513 2544 635 2612 quatuor
650 2540 679 2596 in
695 2540 828 2598 viaticum
842 2538 987 2612 dedimus,
1008 2555 1042 2598 ae
1056 2539 1130 2599 benc
1144 2539 1189 2599 illi
1202 2555 1237 2599 ac
1249 2537 1293 2598 bo

127 2649 193 2723 spiti
208 2653 359 2723 precantes
383 2648 438 2705 iter
454 2644 707 2718 Weissenburgum
724 2646 907 2718 suscepimus.
947 2645 1018 2704 ltem
1037 2645 1145 2720 hospiti
1170 2662 1235 2719 quta
1248 2645 1292 2704 Lt-

127 2753 223 2824 borio,
245 2756 360 2826 quinos
381 2750 585 2810 subsecuturus
605 2754 695 2823 esset,
712 2750 821 2809 diceret
834 2749 954 2824 injunxi.
992 2749 1044 2808 Ille
1060 2767 1163 2810 rursus
1177 2752 1293 2827 rogarit,

127 2865 160 2917 ut
174 2858 279 2931 hospiti
294 2859 323 2914 in
339 2854 562 2928 Weissenburgc
577 2854 700 2913 dicerem
715 2855 898 2915 Leonardum
913 2855 1117 2916 Vidmarckter
1135 2857 1175 2917 ad
1189 2859 1293 2930 insign

129 2965 218 3023 leonis
234 2964 314 3022 aurei
331 2962 456 3020 crastino
471 2961 517 3019 vel
536 2960 671 3033 perendie
691 2977 754 3020 cum
777 2963 898 3036 pecunia
916 2977 970 3036 pro
992 2962 1060 3020 lana
1082 2963 1293 3036 Weissenborn

128 3068 302 3130 adiuturum.
327 3067 478 3126 Paululum
494 3070 560 3124 ante
576 3070 704 3125 octavam
720 3067 836 3126 werdae
849 3082 938 3141 equos
956 3067 1176 3131 conscendimus
1190 3077 1219 3132 et
1233 3075 1293 3130 aute

128 3174 281 3235 secundam
296 3171 503 3244 weissenburg
519 3172 667 3231 intramus.

218 3279 332 3338 Werdae
347 3280 399 3338 hos
414 3293 513 3336 versus
529 3277 649 3351 scriptos
664 3278 799 3352 legimus:

337 3394 424 3444 Fictos
443 3393 590 3445 describam
610 3393 752 3446 monachos
771 3394 887 3446 studiose
903 3401 1025 3462 peroptaa

373 3483 424 3544 Qui
443 3488 536 3548 practer
553 3488 640 3533 vestas
660 3482 698 3532 nil
716 3483 821 3551 pietatis
838 3482 944 3534 habent

340 3569 458 3620 Pendula
476 3569 575 3621 nodosa
593 3585 677 3638 cappa
696 3570 787 3622 dolosa
806 3571 910 3638 ligneus
930 3577 955 3622 et
972 3587 1019 3638 pas

373 3660 437 3709 Hac
456 3660 506 3709 tria
524 3659 668 3726 nudipedes
688 3659 785 3711 ducunt
804 3659 836 3709 ad
856 3663 953 3710 tartara
972 3659 1073 3712 trames.

216 3795 296 3855 Inter
311 3794 515 3870 weissenburg
530 3803 560 3855 et
572 3796 708 3855 Wandam
723 3798 889 3871 oppidulum
905 3805 949 3856 cst
963 3795 1121 3874 Monbcim,
1137 3800 1205 3859 clim
1220 3798 1291 3858 ducis

128 3898 246 3958 hienrici
262 3899 394 3959 Otthonis
414 3916 490 3960 nuuc
509 3903 623 3961 casaris
635 3903 701 3974 jure
716 3903 792 3962 belli.
830 3904 907 3961 Ante
922 3903 1007 3978 hujus
1021 3911 1137 3978 portam
1152 3906 1290 3967 Weissen-

129 4004 248 4077 burgum
264 4005 396 4065 euntibus
411 4003 510 4064 ridere
526 4012 589 4065 erat
603 4023 725 4081 corpora
744 4008 801 4066 tria
823 4008 914 4068 tribus
929 4011 1001 4070 rotis
1016 4008 1158 4085 disposita
1173 4012 1290 4072 virorum

128 4104 311 4170 obesulorum
332 4117 361 4173 et
382 4110 431 4186 qui
447 4111 528 4184 justa
546 4110 680 4171 tibiarum
699 4117 729 4172 et
742 4111 922 4174 brachiorum
943 4114 1051 4177 robora
1064 4115 1221 4181 habebant
1256 4113 1288 4173 Hi
