<?xml version="1.0" encoding="UTF-8"?>
<!DOCTYPE html PUBLIC "-//W3C//DTD XHTML 1.0 Transitional//EN"
    "http://www.w3.org/TR/xhtml1/DTD/xhtml1-transitional.dtd">
<html xmlns="http://www.w3.org/1999/xhtml" xml:lang="en" lang="en">
 <head>
  <title>
</title>
<meta http-equiv="Content-Type" content="text/html;charset=utf-8" />
  <meta name='ocr-system' content='tesseract 3.04.00' />
  <meta name='ocr-capabilities' content='ocr_page ocr_carea ocr_par ocr_line ocrx_word'/>
</head>
<body>
  <div class='ocr_page' id='page_1' title='image "./desgrafenwolrad00trosgoog_0256.png"; bbox 0 0 2678 4546; ppageno 0'>
   <div class='ocr_carea' id='block_1_1' title="bbox 687 76 753 164">
    <p class='ocr_par' dir='ltr' id='par_1_1' title="bbox 687 76 753 164">
     <span class='ocr_line' id='line_1_1' title="bbox 687 76 753 164; baseline 0 -76"><span class='ocrx_word' id='word_1_1' title='bbox 687 76 753 164; x_wconf 70' lang='lat' dir='ltr'>als</span> 
     </span>
    </p>
   </div>
   <div class='ocr_carea' id='block_1_2' title="bbox 97 261 1334 4243">
    <p class='ocr_par' dir='ltr' id='par_1_2' title="bbox 97 261 1334 4243">
     <span class='ocr_line' id='line_1_2' title="bbox 122 261 1305 360; baseline 0.002 -15"><span class='ocrx_word' id='word_1_2' title='bbox 122 262 125 300; x_wconf 66' lang='lat'>³</span> <span class='ocrx_word' id='word_1_3' title='bbox 229 284 272 360; x_wconf 82' lang='lat' dir='ltr'>xxj</span> <span class='ocrx_word' id='word_1_4' title='bbox 285 284 355 345; x_wconf 85' lang='lat' dir='ltr'>Julii</span> <span class='ocrx_word' id='word_1_5' title='bbox 371 261 594 355; x_wconf 82' lang='lat' dir='ltr'>Croutzbergam</span> <span class='ocrx_word' id='word_1_6' title='bbox 614 278 775 354; x_wconf 79' lang='lat' dir='ltr'><strong>linquentes</strong></span> <span class='ocrx_word' id='word_1_7' title='bbox 799 282 829 339; x_wconf 92' lang='lat' dir='ltr'>in</span> <span class='ocrx_word' id='word_1_8' title='bbox 844 279 953 357; x_wconf 82' lang='lat' dir='ltr'>Cappel</span> <span class='ocrx_word' id='word_1_9' title='bbox 975 283 1074 358; x_wconf 87' lang='lat' dir='ltr'>pransi</span> <span class='ocrx_word' id='word_1_10' title='bbox 1090 290 1120 344; x_wconf 89' lang='lat' dir='ltr'>et</span> <span class='ocrx_word' id='word_1_11' title='bbox 1132 282 1239 344; x_wconf 89' lang='lat' dir='ltr'>ibidem</span> <span class='ocrx_word' id='word_1_12' title='bbox 1254 286 1305 347; x_wconf 87' lang='lat' dir='ltr'>Jo-</span> 
     </span>
     <span class='ocr_line' id='line_1_3' title="bbox 118 386 910 485; baseline -0.004 -37"><span class='ocrx_word' id='word_1_13' title='bbox 118 428 124 485; x_wconf 49' lang='grc'>1-</span> <span class='ocrx_word' id='word_1_14' title='bbox 159 405 240 450; x_wconf 84' lang='lat' dir='ltr'>turem</span> <span class='ocrx_word' id='word_1_15' title='bbox 254 390 335 451; x_wconf 91' lang='lat' dir='ltr'>nohis</span> <span class='ocrx_word' id='word_1_16' title='bbox 349 406 370 449; x_wconf 90' lang='lat' dir='ltr'>a</span> <span class='ocrx_word' id='word_1_17' title='bbox 383 387 505 464; x_wconf 88' lang='lat' dir='ltr'>pedibus</span> <span class='ocrx_word' id='word_1_18' title='bbox 520 386 696 447; x_wconf 87' lang='lat' dir='ltr'>Waldeoiam</span> <span class='ocrx_word' id='word_1_19' title='bbox 710 388 910 461; x_wconf 83' lang='lat' dir='ltr'>praemisimus.</span> 
     </span>
     <span class='ocr_line' id='line_1_4' title="bbox 224 491 1334 571; baseline -0.006 -17"><span class='ocrx_word' id='word_1_20' title='bbox 224 494 369 571; x_wconf 78' lang='lat' dir='ltr'><strong>Propitius</strong></span> <span class='ocrx_word' id='word_1_21' title='bbox 384 500 448 553; x_wconf 90' lang='lat' dir='ltr'>esto</span> <span class='ocrx_word' id='word_1_22' title='bbox 462 508 551 568; x_wconf 89' lang='lat' dir='ltr'>super</span> <span class='ocrx_word' id='word_1_23' title='bbox 564 493 640 551; x_wconf 91' lang='lat' dir='ltr'>omni</span> <span class='ocrx_word' id='word_1_24' title='bbox 656 493 814 566; x_wconf 85' lang='lat' dir='ltr'>commisso,</span> <span class='ocrx_word' id='word_1_25' title='bbox 832 509 849 551; x_wconf 96' lang='lat' dir='ltr'>o</span> <span class='ocrx_word' id='word_1_26' title='bbox 864 491 987 552; x_wconf 80' lang='lat' dir='ltr'>donuine.</span> <span class='ocrx_word' id='word_1_27' title='bbox 1305 498 1334 547; x_wconf 79' lang='grc' dir='ltr'><strong>ο</strong></span> 
     </span>
     <span class='ocr_line' id='line_1_5' title="bbox 223 597 1306 674; baseline 0.003 -17"><span class='ocrx_word' id='word_1_28' title='bbox 223 598 250 657; x_wconf 78' lang='lat' dir='ltr'>A</span> <span class='ocrx_word' id='word_1_29' title='bbox 263 598 387 674; x_wconf 87' lang='lat' dir='ltr'>prandio</span> <span class='ocrx_word' id='word_1_30' title='bbox 401 597 560 658; x_wconf 86' lang='lat' dir='ltr'>Bisohusen</span> <span class='ocrx_word' id='word_1_31' title='bbox 575 612 670 656; x_wconf 87' lang='lat' dir='ltr'>arcem</span> <span class='ocrx_word' id='word_1_32' title='bbox 685 597 821 656; x_wconf 87' lang='lat' dir='ltr'>nobilium</span> <span class='ocrx_word' id='word_1_33' title='bbox 836 614 854 656; x_wconf 90' lang='lat' dir='ltr'>a</span> <span class='ocrx_word' id='word_1_34' title='bbox 869 598 1024 673; x_wconf 90' lang='lat' dir='ltr'>Boneburg</span> <span class='ocrx_word' id='word_1_35' title='bbox 1043 604 1073 659; x_wconf 91' lang='lat' dir='ltr'>et</span> <span class='ocrx_word' id='word_1_36' title='bbox 1087 600 1159 659; x_wconf 86' lang='lat' dir='ltr'>alias</span> <span class='ocrx_word' id='word_1_37' title='bbox 1174 616 1256 660; x_wconf 84' lang='lat' dir='ltr'>areos</span> <span class='ocrx_word' id='word_1_38' title='bbox 1271 618 1306 660; x_wconf 90' lang='lat' dir='ltr'>ao</span> 
     </span>
     <span class='ocr_line' id='line_1_6' title="bbox 97 703 1303 779; baseline 0 -14"><span class='ocrx_word' id='word_1_39' title='bbox 97 740 100 745; x_wconf 93' lang='lat'>·</span> <span class='ocrx_word' id='word_1_40' title='bbox 143 720 222 779; x_wconf 84' lang='lat' dir='ltr'>pagos</span> <span class='ocrx_word' id='word_1_41' title='bbox 235 708 446 778; x_wconf 77' lang='lat' dir='ltr'>proetereuntes</span> <span class='ocrx_word' id='word_1_42' title='bbox 460 703 514 763; x_wconf 90' lang='lat' dir='ltr'>suh</span> <span class='ocrx_word' id='word_1_43' title='bbox 529 704 678 778; x_wconf 79' lang='lat' dir='ltr'>septimam</span> <span class='ocrx_word' id='word_1_44' title='bbox 693 704 783 762; x_wconf 88' lang='lat' dir='ltr'>noctis</span> <span class='ocrx_word' id='word_1_45' title='bbox 792 703 1043 778; x_wconf 88' lang='lat' dir='ltr'>Spaugeubergam</span> <span class='ocrx_word' id='word_1_46' title='bbox 1058 710 1184 763; x_wconf 77' lang='lat' dir='ltr'>ueterem</span> <span class='ocrx_word' id='word_1_47' title='bbox 1199 704 1227 765; x_wconf 82' lang='lat' dir='ltr'>d.</span> <span class='ocrx_word' id='word_1_48' title='bbox 1242 707 1303 765; x_wconf 86' lang='lat' dir='ltr'>Eli-</span> 
     </span>
     <span class='ocr_line' id='line_1_7' title="bbox 140 807 1305 884; baseline -0.003 -14"><span class='ocrx_word' id='word_1_49' title='bbox 140 810 262 870; x_wconf 79' lang='lat' dir='ltr'>sabethoe</span> <span class='ocrx_word' id='word_1_50' title='bbox 278 808 377 869; x_wconf 88' lang='lat' dir='ltr'>sedem</span> <span class='ocrx_word' id='word_1_51' title='bbox 390 810 540 883; x_wconf 73' lang='lat' dir='ltr'>intramus,</span> <span class='ocrx_word' id='word_1_52' title='bbox 557 824 622 866; x_wconf 86' lang='lat' dir='ltr'>eum</span> <span class='ocrx_word' id='word_1_53' title='bbox 637 807 722 882; x_wconf 90' lang='lat' dir='ltr'>paulo</span> <span class='ocrx_word' id='word_1_54' title='bbox 737 814 805 867; x_wconf 88' lang='lat' dir='ltr'>ante</span> <span class='ocrx_word' id='word_1_55' title='bbox 820 808 973 867; x_wconf 81' lang='lat' dir='ltr'>adrentum</span> <span class='ocrx_word' id='word_1_56' title='bbox 988 814 1118 867; x_wconf 90' lang='lat' dir='ltr'>nostrum</span> <span class='ocrx_word' id='word_1_57' title='bbox 1134 808 1305 884; x_wconf 85' lang='lat' dir='ltr'>Rudolphus</span> 
     </span>
     <span class='ocr_line' id='line_1_8' title="bbox 138 912 1306 986; baseline -0.002 -12"><span class='ocrx_word' id='word_1_58' title='bbox 138 914 263 975; x_wconf 72' lang='lat' dir='ltr'>Stheneli</span> <span class='ocrx_word' id='word_1_59' title='bbox 286 916 380 975; x_wconf 82' lang='lat' dir='ltr'>locum</span> <span class='ocrx_word' id='word_1_60' title='bbox 403 920 504 974; x_wconf 87' lang='lat' dir='ltr'>tenens</span> <span class='ocrx_word' id='word_1_61' title='bbox 528 917 558 972; x_wconf 91' lang='lat' dir='ltr'>et</span> <span class='ocrx_word' id='word_1_62' title='bbox 576 912 699 971; x_wconf 83' lang='lat' dir='ltr'>vicarius</span> <span class='ocrx_word' id='word_1_63' title='bbox 724 914 882 973; x_wconf 90' lang='lat' dir='ltr'>Hessorum</span> <span class='ocrx_word' id='word_1_64' title='bbox 908 914 1045 986; x_wconf 81' lang='lat' dir='ltr'>principis</span> <span class='ocrx_word' id='word_1_65' title='bbox 1070 912 1218 972; x_wconf 86' lang='lat' dir='ltr'>Cassiliam</span> <span class='ocrx_word' id='word_1_66' title='bbox 1239 916 1306 973; x_wconf 91' lang='lat' dir='ltr'>hino</span> 
     </span>
     <span class='ocr_line' id='line_1_9' title="bbox 135 1016 1305 1097; baseline 0 -18"><span class='ocrx_word' id='word_1_67' title='bbox 135 1020 230 1081; x_wconf 87' lang='lat' dir='ltr'>abiens</span> <span class='ocrx_word' id='word_1_68' title='bbox 245 1020 379 1097; x_wconf 87' lang='lat' dir='ltr'>petierat.</span> <span class='ocrx_word' id='word_1_69' title='bbox 419 1016 561 1078; x_wconf 80' lang='lat' dir='ltr'>Adfuerat</span> <span class='ocrx_word' id='word_1_70' title='bbox 579 1017 685 1077; x_wconf 85' lang='lat' dir='ltr'>ibidem</span> <span class='ocrx_word' id='word_1_71' title='bbox 700 1019 836 1092; x_wconf 86' lang='lat' dir='ltr'>principis</span> <span class='ocrx_word' id='word_1_72' title='bbox 858 1019 950 1077; x_wconf 88' lang='lat' dir='ltr'>nostri</span> <span class='ocrx_word' id='word_1_73' title='bbox 964 1018 1115 1091; x_wconf 77' lang='lat' dir='ltr'>chirurgus</span> <span class='ocrx_word' id='word_1_74' title='bbox 1131 1018 1238 1079; x_wconf 85' lang='lat' dir='ltr'>Paulus</span> <span class='ocrx_word' id='word_1_75' title='bbox 1253 1037 1305 1080; x_wconf 92' lang='lat' dir='ltr'>no·</span> 
     </span>
     <span class='ocr_line' id='line_1_10' title="bbox 134 1122 1304 1200; baseline 0.002 -17"><span class='ocrx_word' id='word_1_76' title='bbox 134 1126 214 1200; x_wconf 89' lang='lat' dir='ltr'>mine,</span> <span class='ocrx_word' id='word_1_77' title='bbox 231 1142 333 1184; x_wconf 81' lang='lat' dir='ltr'>rerum</span> <span class='ocrx_word' id='word_1_78' title='bbox 353 1126 379 1183; x_wconf 87' lang='lat' dir='ltr'>is</span> <span class='ocrx_word' id='word_1_79' title='bbox 402 1122 474 1182; x_wconf 90' lang='lat' dir='ltr'>nihil</span> <span class='ocrx_word' id='word_1_80' title='bbox 489 1124 525 1183; x_wconf 93' lang='lat' dir='ltr'>de</span> <span class='ocrx_word' id='word_1_81' title='bbox 539 1127 617 1182; x_wconf 86' lang='lat' dir='ltr'>statu</span> <span class='ocrx_word' id='word_1_82' title='bbox 632 1138 728 1182; x_wconf 90' lang='lat' dir='ltr'>rerum</span> <span class='ocrx_word' id='word_1_83' title='bbox 743 1123 880 1197; x_wconf 82' lang='lat' dir='ltr'>principis</span> <span class='ocrx_word' id='word_1_84' title='bbox 900 1124 1028 1183; x_wconf 82' lang='lat' dir='ltr'>indicare</span> <span class='ocrx_word' id='word_1_85' title='bbox 1043 1125 1182 1198; x_wconf 83' lang='lat' dir='ltr'>voluerat,</span> <span class='ocrx_word' id='word_1_86' title='bbox 1207 1125 1304 1186; x_wconf 81' lang='lat' dir='ltr'>diceus</span> 
     </span>
     <span class='ocr_line' id='line_1_11' title="bbox 134 1228 800 1303; baseline -0.005 -14"><span class='ocrx_word' id='word_1_87' title='bbox 134 1246 162 1289; x_wconf 87' lang='lat' dir='ltr'>se</span> <span class='ocrx_word' id='word_1_88' title='bbox 171 1231 341 1303; x_wconf 74' lang='lat' dir='ltr'>iuramento</span> <span class='ocrx_word' id='word_1_89' title='bbox 355 1228 394 1289; x_wconf 88' lang='lat' dir='ltr'>ad</span> <span class='ocrx_word' id='word_1_90' title='bbox 408 1230 552 1288; x_wconf 88' lang='lat' dir='ltr'>silentium</span> <span class='ocrx_word' id='word_1_91' title='bbox 566 1228 714 1287; x_wconf 78' lang='lat' dir='ltr'>ashiotum</span> <span class='ocrx_word' id='word_1_92' title='bbox 729 1243 800 1286; x_wconf 88' lang='lat' dir='ltr'>esse.</span> 
     </span>
     <span class='ocr_line' id='line_1_12' title="bbox 218 1332 1305 1409; baseline 0.003 -17"><span class='ocrx_word' id='word_1_93' title='bbox 218 1336 281 1408; x_wconf 84' lang='lat' dir='ltr'>xxij</span> <span class='ocrx_word' id='word_1_94' title='bbox 298 1334 368 1395; x_wconf 90' lang='lat' dir='ltr'>Julii</span> <span class='ocrx_word' id='word_1_95' title='bbox 387 1336 498 1409; x_wconf 84' lang='lat' dir='ltr'>precati</span> <span class='ocrx_word' id='word_1_96' title='bbox 518 1348 614 1392; x_wconf 89' lang='lat' dir='ltr'>sumus</span> <span class='ocrx_word' id='word_1_97' title='bbox 640 1334 808 1407; x_wconf 88' lang='lat' dir='ltr'>magistrum</span> <span class='ocrx_word' id='word_1_98' title='bbox 831 1332 1068 1409; x_wconf 69' lang='lat' dir='ltr'>christophorum</span> <span class='ocrx_word' id='word_1_99' title='bbox 1089 1332 1191 1408; x_wconf 83' lang='lat' dir='ltr'>Greill,</span> <span class='ocrx_word' id='word_1_100' title='bbox 1215 1340 1246 1394; x_wconf 89' lang='lat' dir='ltr'>ut</span> <span class='ocrx_word' id='word_1_101' title='bbox 1270 1354 1305 1395; x_wconf 90' lang='lat' dir='ltr'>ea</span> 
     </span>
     <span class='ocr_line' id='line_1_13' title="bbox 132 1438 1304 1515; baseline 0 -16"><span class='ocrx_word' id='word_1_102' title='bbox 132 1441 183 1515; x_wconf 92' lang='lat' dir='ltr'>die,</span> <span class='ocrx_word' id='word_1_103' title='bbox 199 1456 270 1499; x_wconf 89' lang='lat' dir='ltr'>nam</span> <span class='ocrx_word' id='word_1_104' title='bbox 285 1438 428 1500; x_wconf 83' lang='lat' dir='ltr'>dominica</span> <span class='ocrx_word' id='word_1_105' title='bbox 449 1445 525 1514; x_wconf 90' lang='lat' dir='ltr'>erat,</span> <span class='ocrx_word' id='word_1_106' title='bbox 546 1438 635 1499; x_wconf 87' lang='lat' dir='ltr'>verbo</span> <span class='ocrx_word' id='word_1_107' title='bbox 651 1438 757 1498; x_wconf 90' lang='lat' dir='ltr'>domini</span> <span class='ocrx_word' id='word_1_108' title='bbox 772 1455 824 1498; x_wconf 91' lang='lat' dir='ltr'>uos</span> <span class='ocrx_word' id='word_1_109' title='bbox 840 1455 957 1512; x_wconf 87' lang='lat' dir='ltr'>pascere</span> <span class='ocrx_word' id='word_1_110' title='bbox 981 1439 1162 1514; x_wconf 80' lang='lat' dir='ltr'>dignaretur,</span> <span class='ocrx_word' id='word_1_111' title='bbox 1186 1442 1234 1514; x_wconf 88' lang='lat' dir='ltr'>qui</span> <span class='ocrx_word' id='word_1_112' title='bbox 1249 1441 1304 1500; x_wconf 91' lang='lat' dir='ltr'>sub</span> 
     </span>
     <span class='ocr_line' id='line_1_14' title="bbox 132 1544 1304 1619; baseline -0.003 -13"><span class='ocrx_word' id='word_1_113' title='bbox 132 1550 274 1619; x_wconf 71' lang='lat' dir='ltr'>eurtum,</span> <span class='ocrx_word' id='word_1_114' title='bbox 289 1550 442 1618; x_wconf 83' lang='lat' dir='ltr'>postquam</span> <span class='ocrx_word' id='word_1_115' title='bbox 457 1544 646 1618; x_wconf 84' lang='lat' dir='ltr'>illucescerat,</span> <span class='ocrx_word' id='word_1_116' title='bbox 668 1545 706 1604; x_wconf 90' lang='lat' dir='ltr'>ad</span> <span class='ocrx_word' id='word_1_117' title='bbox 719 1545 873 1618; x_wconf 86' lang='lat' dir='ltr'>hospitium</span> <span class='ocrx_word' id='word_1_118' title='bbox 888 1550 1017 1604; x_wconf 89' lang='lat' dir='ltr'>nostrum</span> <span class='ocrx_word' id='word_1_119' title='bbox 1032 1547 1123 1619; x_wconf 77' lang='lat' dir='ltr'>uenit,</span> <span class='ocrx_word' id='word_1_120' title='bbox 1155 1546 1259 1605; x_wconf 93' lang='lat' dir='ltr'>ibidem</span> <span class='ocrx_word' id='word_1_121' title='bbox 1274 1547 1304 1604; x_wconf 92' lang='lat' dir='ltr'>in</span> 
     </span>
     <span class='ocr_line' id='line_1_15' title="bbox 133 1646 1303 1724; baseline 0 -15"><span class='ocrx_word' id='word_1_122' title='bbox 133 1646 262 1711; x_wconf 84' lang='lat' dir='ltr'>inferiori</span> <span class='ocrx_word' id='word_1_123' title='bbox 274 1650 479 1724; x_wconf 78' lang='lat' dir='ltr'>hyberuaoulo,</span> <span class='ocrx_word' id='word_1_124' title='bbox 495 1651 575 1724; x_wconf 92' lang='lat' dir='ltr'>prius</span> <span class='ocrx_word' id='word_1_125' title='bbox 590 1651 721 1709; x_wconf 79' lang='lat' dir='ltr'>inrorato</span> <span class='ocrx_word' id='word_1_126' title='bbox 736 1649 823 1708; x_wconf 75' lang='lat' dir='ltr'>divini</span> <span class='ocrx_word' id='word_1_127' title='bbox 839 1651 962 1707; x_wconf 89' lang='lat' dir='ltr'>numinis</span> <span class='ocrx_word' id='word_1_128' title='bbox 977 1651 1092 1724; x_wconf 83' lang='lat' dir='ltr'>auxilio,</span> <span class='ocrx_word' id='word_1_129' title='bbox 1108 1652 1180 1724; x_wconf 88' lang='lat' dir='ltr'>legit</span> <span class='ocrx_word' id='word_1_130' title='bbox 1194 1656 1303 1710; x_wconf 84' lang='lat' dir='ltr'>textum</span> 
     </span>
     <span class='ocr_line' id='line_1_16' title="bbox 134 1752 1301 1830; baseline 0 -17"><span class='ocrx_word' id='word_1_131' title='bbox 134 1756 272 1830; x_wconf 83' lang='lat' dir='ltr'>evangelii</span> <span class='ocrx_word' id='word_1_132' title='bbox 287 1754 421 1814; x_wconf 76' lang='lat' dir='ltr'>Matthaei</span> <span class='ocrx_word' id='word_1_133' title='bbox 437 1758 473 1813; x_wconf 86' lang='lat'>7:</span> <span class='ocrx_word' id='word_1_134' title='bbox 498 1752 604 1814; x_wconf 82' lang='lat' dir='ltr'>Cavete</span> <span class='ocrx_word' id='word_1_135' title='bbox 624 1755 704 1814; x_wconf 89' lang='lat' dir='ltr'>vohis</span> <span class='ocrx_word' id='word_1_136' title='bbox 724 1772 742 1814; x_wconf 90' lang='lat' dir='ltr'>a</span> <span class='ocrx_word' id='word_1_137' title='bbox 762 1753 1034 1829; x_wconf 90' lang='lat' dir='ltr'>pseudoprophetis,</span> <span class='ocrx_word' id='word_1_138' title='bbox 1059 1755 1108 1827; x_wconf 85' lang='lat' dir='ltr'>qui</span> <span class='ocrx_word' id='word_1_139' title='bbox 1132 1757 1250 1813; x_wconf 90' lang='lat' dir='ltr'>veniunt</span> <span class='ocrx_word' id='word_1_140' title='bbox 1264 1756 1301 1815; x_wconf 88' lang='lat' dir='ltr'>ad</span> 
     </span>
     <span class='ocr_line' id='line_1_17' title="bbox 134 1860 1302 1933; baseline 0 -16"><span class='ocrx_word' id='word_1_141' title='bbox 134 1876 181 1920; x_wconf 84' lang='lat' dir='ltr'>ros</span> <span class='ocrx_word' id='word_1_142' title='bbox 193 1860 225 1917; x_wconf 90' lang='lat' dir='ltr'>in</span> <span class='ocrx_word' id='word_1_143' title='bbox 241 1860 419 1919; x_wconf 81' lang='lat' dir='ltr'>vestimentis</span> <span class='ocrx_word' id='word_1_144' title='bbox 435 1861 529 1919; x_wconf 86' lang='lat' dir='ltr'>ovium</span> <span class='ocrx_word' id='word_1_145' title='bbox 544 1865 613 1933; x_wconf 79' lang='lat' dir='ltr'>eto,</span> <span class='ocrx_word' id='word_1_146' title='bbox 637 1864 666 1917; x_wconf 89' lang='lat' dir='ltr'>et</span> <span class='ocrx_word' id='word_1_147' title='bbox 681 1866 775 1918; x_wconf 83' lang='lat' dir='ltr'>textus</span> <span class='ocrx_word' id='word_1_148' title='bbox 792 1861 1003 1918; x_wconf 86' lang='lat' dir='ltr'>enarrationem</span> <span class='ocrx_word' id='word_1_149' title='bbox 1020 1866 1187 1931; x_wconf 86' lang='lat' dir='ltr'>prosecutus</span> <span class='ocrx_word' id='word_1_150' title='bbox 1202 1863 1255 1931; x_wconf 88' lang='lat' dir='ltr'>est,</span> <span class='ocrx_word' id='word_1_151' title='bbox 1273 1863 1302 1917; x_wconf 93' lang='lat' dir='ltr'>et</span> 
     </span>
     <span class='ocr_line' id='line_1_18' title="bbox 136 1962 1301 2039; baseline -0.003 -15"><span class='ocrx_word' id='word_1_152' title='bbox 136 1980 296 2039; x_wconf 85' lang='lat' dir='ltr'>quanquam</span> <span class='ocrx_word' id='word_1_153' title='bbox 317 1965 412 2038; x_wconf 91' lang='lat' dir='ltr'>prima</span> <span class='ocrx_word' id='word_1_154' title='bbox 432 1968 465 2022; x_wconf 92' lang='lat' dir='ltr'>ut</span> <span class='ocrx_word' id='word_1_155' title='bbox 485 1963 644 2038; x_wconf 88' lang='lat' dir='ltr'>apparebat</span> <span class='ocrx_word' id='word_1_156' title='bbox 665 1962 738 2022; x_wconf 82' lang='lat' dir='ltr'>faeie</span> <span class='ocrx_word' id='word_1_157' title='bbox 758 1965 871 2036; x_wconf 90' lang='lat' dir='ltr'>longius</span> <span class='ocrx_word' id='word_1_158' title='bbox 891 1969 1004 2021; x_wconf 88' lang='lat' dir='ltr'>otexlu</span> <span class='ocrx_word' id='word_1_159' title='bbox 1019 1963 1131 2037; x_wconf 78' lang='lat' dir='ltr'>digredi</span> <span class='ocrx_word' id='word_1_160' title='bbox 1146 1963 1301 2037; x_wconf 74' lang='lat' dir='ltr'>rideretur,</span> 
     </span>
     <span class='ocr_line' id='line_1_19' title="bbox 136 2068 1302 2142; baseline -0.003 -12"><span class='ocrx_word' id='word_1_161' title='bbox 136 2075 227 2130; x_wconf 88' lang='lat' dir='ltr'>tumen</span> <span class='ocrx_word' id='word_1_162' title='bbox 248 2068 495 2128; x_wconf 86' lang='lat' dir='ltr'>ita-oonoionatus</span> <span class='ocrx_word' id='word_1_163' title='bbox 521 2074 578 2142; x_wconf 90' lang='lat' dir='ltr'>est,</span> <span class='ocrx_word' id='word_1_164' title='bbox 602 2075 635 2127; x_wconf 90' lang='lat' dir='ltr'>ut</span> <span class='ocrx_word' id='word_1_165' title='bbox 658 2087 689 2128; x_wconf 89' lang='lat' dir='ltr'>se</span> <span class='ocrx_word' id='word_1_166' title='bbox 711 2075 739 2128; x_wconf 88' lang='lat' dir='ltr'>et</span> <span class='ocrx_word' id='word_1_167' title='bbox 761 2069 871 2141; x_wconf 84' lang='lat' dir='ltr'>prolixe</span> <span class='ocrx_word' id='word_1_168' title='bbox 896 2075 926 2127; x_wconf 92' lang='lat' dir='ltr'>et</span> <span class='ocrx_word' id='word_1_169' title='bbox 950 2069 1075 2128; x_wconf 73' lang='lat' dir='ltr'>breuiter</span> <span class='ocrx_word' id='word_1_170' title='bbox 1097 2068 1192 2126; x_wconf 84' lang='lat' dir='ltr'>dicero</span> <span class='ocrx_word' id='word_1_171' title='bbox 1218 2085 1302 2141; x_wconf 88' lang='lat' dir='ltr'>posse</span> 
     </span>
     <span class='ocr_line' id='line_1_20' title="bbox 136 2173 1303 2248; baseline -0.001 -14"><span class='ocrx_word' id='word_1_172' title='bbox 136 2175 298 2236; x_wconf 87' lang='lat' dir='ltr'>ostenderet</span> <span class='ocrx_word' id='word_1_173' title='bbox 311 2190 365 2233; x_wconf 86' lang='lat' dir='ltr'>neo</span> <span class='ocrx_word' id='word_1_174' title='bbox 379 2174 493 2247; x_wconf 90' lang='lat' dir='ltr'>pietatis</span> <span class='ocrx_word' id='word_1_175' title='bbox 508 2180 559 2234; x_wconf 92' lang='lat' dir='ltr'>aut</span> <span class='ocrx_word' id='word_1_176' title='bbox 572 2174 733 2233; x_wconf 85' lang='lat' dir='ltr'>htterarum</span> <span class='ocrx_word' id='word_1_177' title='bbox 748 2175 865 2248; x_wconf 88' lang='lat' dir='ltr'>ignarus</span> <span class='ocrx_word' id='word_1_178' title='bbox 881 2173 980 2233; x_wconf 86' lang='lat' dir='ltr'>haberi</span> <span class='ocrx_word' id='word_1_179' title='bbox 996 2179 1101 2248; x_wconf 89' lang='lat' dir='ltr'>posset.</span> <span class='ocrx_word' id='word_1_180' title='bbox 1141 2173 1303 2233; x_wconf 86' lang='lat' dir='ltr'>Christiane</span> 
     </span>
     <span class='ocr_line' id='line_1_21' title="bbox 136 2280 1305 2354; baseline -0.002 -15"><span class='ocrx_word' id='word_1_181' title='bbox 136 2284 163 2339; x_wconf 91' lang='lat' dir='ltr'>et</span> <span class='ocrx_word' id='word_1_182' title='bbox 174 2282 259 2340; x_wconf 85' lang='lat' dir='ltr'>docte</span> <span class='ocrx_word' id='word_1_183' title='bbox 274 2281 441 2354; x_wconf 89' lang='lat' dir='ltr'>religionem</span> <span class='ocrx_word' id='word_1_184' title='bbox 456 2283 584 2339; x_wconf 89' lang='lat' dir='ltr'>nostram</span> <span class='ocrx_word' id='word_1_185' title='bbox 599 2286 699 2338; x_wconf 86' lang='lat' dir='ltr'>contra</span> <span class='ocrx_word' id='word_1_186' title='bbox 714 2296 828 2353; x_wconf 88' lang='lat' dir='ltr'>papam,</span> <span class='ocrx_word' id='word_1_187' title='bbox 845 2296 928 2353; x_wconf 86' lang='lat' dir='ltr'>quem</span> <span class='ocrx_word' id='word_1_188' title='bbox 949 2281 1118 2339; x_wconf 82' lang='lat' dir='ltr'>monachum</span> <span class='ocrx_word' id='word_1_189' title='bbox 1134 2280 1259 2339; x_wconf 90' lang='lat' dir='ltr'>italicum</span> <span class='ocrx_word' id='word_1_190' title='bbox 1275 2286 1305 2338; x_wconf 90' lang='lat' dir='ltr'>et</span> 
     </span>
     <span class='ocr_line' id='line_1_22' title="bbox 135 2383 1301 2458; baseline -0.003 -13"><span class='ocrx_word' id='word_1_191' title='bbox 135 2385 239 2445; x_wconf 90' lang='lat' dir='ltr'>idolum</span> <span class='ocrx_word' id='word_1_192' title='bbox 253 2390 379 2444; x_wconf 84' lang='lat' dir='ltr'>stantem</span> <span class='ocrx_word' id='word_1_193' title='bbox 393 2385 424 2442; x_wconf 92' lang='lat' dir='ltr'>in</span> <span class='ocrx_word' id='word_1_194' title='bbox 437 2383 501 2443; x_wconf 91' lang='lat' dir='ltr'>loeo</span> <span class='ocrx_word' id='word_1_195' title='bbox 516 2384 734 2445; x_wconf 90' lang='lat' dir='ltr'>abominationis</span> <span class='ocrx_word' id='word_1_196' title='bbox 749 2385 945 2458; x_wconf 84' lang='lat' dir='ltr'>appellitabat,</span> <span class='ocrx_word' id='word_1_197' title='bbox 961 2383 1122 2444; x_wconf 80' lang='lat' dir='ltr'>defensans.</span> <span class='ocrx_word' id='word_1_198' title='bbox 1151 2386 1191 2444; x_wconf 89' lang='lat' dir='ltr'>Et</span> <span class='ocrx_word' id='word_1_199' title='bbox 1207 2384 1243 2443; x_wconf 89' lang='lat' dir='ltr'>de</span> <span class='ocrx_word' id='word_1_200' title='bbox 1259 2388 1301 2443; x_wconf 94' lang='lat' dir='ltr'>in-</span> 
     </span>
     <span class='ocr_line' id='line_1_23' title="bbox 135 2484 1299 2564; baseline -0.002 -16"><span class='ocrx_word' id='word_1_201' title='bbox 135 2484 214 2549; x_wconf 86' lang='lat' dir='ltr'>terim</span> <span class='ocrx_word' id='word_1_202' title='bbox 228 2490 279 2548; x_wconf 93' lang='lat' dir='ltr'>illo</span> <span class='ocrx_word' id='word_1_203' title='bbox 293 2488 336 2548; x_wconf 84' lang='lat' dir='ltr'>ita</span> <span class='ocrx_word' id='word_1_204' title='bbox 349 2490 530 2564; x_wconf 89' lang='lat' dir='ltr'>loquebatur,</span> <span class='ocrx_word' id='word_1_205' title='bbox 553 2497 586 2549; x_wconf 89' lang='lat' dir='ltr'>ut</span> <span class='ocrx_word' id='word_1_206' title='bbox 600 2488 671 2548; x_wconf 94' lang='lat' dir='ltr'>illud</span> <span class='ocrx_word' id='word_1_207' title='bbox 685 2487 768 2547; x_wconf 85' lang='lat' dir='ltr'>facile</span> <span class='ocrx_word' id='word_1_208' title='bbox 785 2489 868 2562; x_wconf 89' lang='lat' dir='ltr'>quale</span> <span class='ocrx_word' id='word_1_209' title='bbox 884 2490 921 2547; x_wconf 93' lang='lat' dir='ltr'>sit</span> <span class='ocrx_word' id='word_1_210' title='bbox 935 2489 1084 2547; x_wconf 86' lang='lat' dir='ltr'>dinoscere</span> <span class='ocrx_word' id='word_1_211' title='bbox 1099 2490 1224 2561; x_wconf 83' lang='lat' dir='ltr'>doceret,</span> <span class='ocrx_word' id='word_1_212' title='bbox 1248 2489 1299 2546; x_wconf 89' lang='lat' dir='ltr'>ad-</span> 
     </span>
     <span class='ocr_line' id='line_1_24' title="bbox 132 2594 1302 2669; baseline -0.002 -17"><span class='ocrx_word' id='word_1_213' title='bbox 132 2595 230 2668; x_wconf 79' lang='lat' dir='ltr'>jiciens</span> <span class='ocrx_word' id='word_1_214' title='bbox 243 2596 300 2655; x_wconf 89' lang='lat' dir='ltr'>hoe</span> <span class='ocrx_word' id='word_1_215' title='bbox 314 2596 515 2669; x_wconf 89' lang='lat' dir='ltr'>epiphonema:</span> <span class='ocrx_word' id='word_1_216' title='bbox 539 2596 653 2655; x_wconf 87' lang='lat' dir='ltr'>Nullius</span> <span class='ocrx_word' id='word_1_217' title='bbox 675 2611 737 2653; x_wconf 91' lang='lat' dir='ltr'>esse</span> <span class='ocrx_word' id='word_1_218' title='bbox 758 2595 787 2650; x_wconf 91' lang='lat' dir='ltr'>iu</span> <span class='ocrx_word' id='word_1_219' title='bbox 810 2598 953 2666; x_wconf 90' lang='lat' dir='ltr'>potestate</span> <span class='ocrx_word' id='word_1_220' title='bbox 969 2600 1108 2651; x_wconf 83' lang='lat' dir='ltr'>creaturae</span> <span class='ocrx_word' id='word_1_221' title='bbox 1128 2608 1217 2650; x_wconf 85' lang='lat' dir='ltr'>novos</span> <span class='ocrx_word' id='word_1_222' title='bbox 1233 2594 1302 2650; x_wconf 87' lang='lat' dir='ltr'>arti-</span> 
     </span>
     <span class='ocr_line' id='line_1_25' title="bbox 136 2697 1303 2770; baseline -0.003 -12"><span class='ocrx_word' id='word_1_223' title='bbox 136 2703 210 2760; x_wconf 90' lang='lat' dir='ltr'>oulos</span> <span class='ocrx_word' id='word_1_224' title='bbox 227 2699 295 2760; x_wconf 82' lang='lat' dir='ltr'>fidei</span> <span class='ocrx_word' id='word_1_225' title='bbox 309 2701 356 2762; x_wconf 81' lang='lat' dir='ltr'>uel</span> <span class='ocrx_word' id='word_1_226' title='bbox 370 2699 494 2759; x_wconf 80' lang='lat' dir='ltr'>tondere</span> <span class='ocrx_word' id='word_1_227' title='bbox 509 2701 555 2759; x_wconf 86' lang='lat' dir='ltr'>vel</span> <span class='ocrx_word' id='word_1_228' title='bbox 570 2701 701 2759; x_wconf 87' lang='lat' dir='ltr'>conditos</span> <span class='ocrx_word' id='word_1_229' title='bbox 718 2701 877 2757; x_wconf 89' lang='lat' dir='ltr'>immutare.</span> <span class='ocrx_word' id='word_1_230' title='bbox 915 2698 991 2756; x_wconf 89' lang='lat' dir='ltr'>Nam</span> <span class='ocrx_word' id='word_1_231' title='bbox 1007 2697 1137 2756; x_wconf 87' lang='lat' dir='ltr'>Christus</span> <span class='ocrx_word' id='word_1_232' title='bbox 1159 2698 1303 2770; x_wconf 84' lang='lat' dir='ltr'>apostolos</span> 
     </span>
     <span class='ocr_line' id='line_1_26' title="bbox 135 2801 1304 2880; baseline -0.003 -16"><span class='ocrx_word' id='word_1_233' title='bbox 135 2808 208 2880; x_wconf 92' lang='lat' dir='ltr'>ipsos</span> <span class='ocrx_word' id='word_1_234' title='bbox 224 2807 318 2866; x_wconf 87' lang='lat' dir='ltr'>voluit</span> <span class='ocrx_word' id='word_1_235' title='bbox 331 2812 419 2865; x_wconf 87' lang='lat' dir='ltr'>testes</span> <span class='ocrx_word' id='word_1_236' title='bbox 435 2810 464 2864; x_wconf 91' lang='lat' dir='ltr'>et</span> <span class='ocrx_word' id='word_1_237' title='bbox 479 2803 609 2865; x_wconf 80' lang='lat' dir='ltr'>doctores</span> <span class='ocrx_word' id='word_1_238' title='bbox 632 2822 729 2865; x_wconf 89' lang='lat' dir='ltr'>eorum</span> <span class='ocrx_word' id='word_1_239' title='bbox 749 2822 826 2879; x_wconf 91' lang='lat' dir='ltr'>esse,</span> <span class='ocrx_word' id='word_1_240' title='bbox 844 2820 907 2879; x_wconf 85' lang='lat' dir='ltr'>quae</span> <span class='ocrx_word' id='word_1_241' title='bbox 924 2804 960 2863; x_wconf 93' lang='lat' dir='ltr'>ab</span> <span class='ocrx_word' id='word_1_242' title='bbox 980 2804 1043 2877; x_wconf 91' lang='lat' dir='ltr'>ipso</span> <span class='ocrx_word' id='word_1_243' title='bbox 1059 2802 1173 2862; x_wconf 93' lang='lat' dir='ltr'>domino</span> <span class='ocrx_word' id='word_1_244' title='bbox 1188 2801 1304 2861; x_wconf 87' lang='lat' dir='ltr'>audive-</span> 
     </span>
     <span class='ocr_line' id='line_1_27' title="bbox 135 2910 1305 2985; baseline -0.003 -14"><span class='ocrx_word' id='word_1_245' title='bbox 135 2917 236 2973; x_wconf 84' lang='lat' dir='ltr'>rerant</span> <span class='ocrx_word' id='word_1_246' title='bbox 258 2916 288 2971; x_wconf 91' lang='lat' dir='ltr'>et</span> <span class='ocrx_word' id='word_1_247' title='bbox 310 2913 373 2985; x_wconf 91' lang='lat' dir='ltr'>ipse</span> <span class='ocrx_word' id='word_1_248' title='bbox 395 2927 444 2970; x_wconf 92' lang='lat' dir='ltr'>eos</span> <span class='ocrx_word' id='word_1_249' title='bbox 467 2911 616 2985; x_wconf 85' lang='lat' dir='ltr'>docuerat,</span> <span class='ocrx_word' id='word_1_250' title='bbox 639 2928 695 2969; x_wconf 88' lang='lat' dir='ltr'>non</span> <span class='ocrx_word' id='word_1_251' title='bbox 711 2928 848 2970; x_wconf 82' lang='lat' dir='ltr'>novarum</span> <span class='ocrx_word' id='word_1_252' title='bbox 863 2913 957 2984; x_wconf 86' lang='lat' dir='ltr'>legum</span> <span class='ocrx_word' id='word_1_253' title='bbox 973 2910 1144 2968; x_wconf 85' lang='lat' dir='ltr'>conditores.</span> <span class='ocrx_word' id='word_1_254' title='bbox 1184 2910 1305 2983; x_wconf 88' lang='lat' dir='ltr'>Insuper</span> 
     </span>
     <span class='ocr_line' id='line_1_28' title="bbox 134 3014 1304 3092; baseline -0.004 -16"><span class='ocrx_word' id='word_1_255' title='bbox 134 3017 221 3092; x_wconf 89' lang='lat' dir='ltr'>digito</span> <span class='ocrx_word' id='word_1_256' title='bbox 235 3018 420 3088; x_wconf 85' lang='lat' dir='ltr'>monstravit,</span> <span class='ocrx_word' id='word_1_257' title='bbox 442 3019 492 3089; x_wconf 86' lang='lat' dir='ltr'>qui</span> <span class='ocrx_word' id='word_1_258' title='bbox 505 3016 536 3075; x_wconf 94' lang='lat' dir='ltr'>hi</span> <span class='ocrx_word' id='word_1_259' title='bbox 551 3022 647 3075; x_wconf 90' lang='lat' dir='ltr'>essent</span> <span class='ocrx_word' id='word_1_260' title='bbox 660 3018 720 3091; x_wconf 91' lang='lat' dir='ltr'>lupi</span> <span class='ocrx_word' id='word_1_261' title='bbox 735 3034 867 3090; x_wconf 83' lang='lat' dir='ltr'>rapaces,</span> <span class='ocrx_word' id='word_1_262' title='bbox 890 3032 953 3088; x_wconf 71' lang='lat' dir='ltr'>quae</span> <span class='ocrx_word' id='word_1_263' title='bbox 969 3015 1051 3073; x_wconf 80' lang='lat' dir='ltr'>bonae</span> <span class='ocrx_word' id='word_1_264' title='bbox 1071 3014 1190 3073; x_wconf 87' lang='lat' dir='ltr'>arbores</span> <span class='ocrx_word' id='word_1_265' title='bbox 1205 3030 1240 3071; x_wconf 89' lang='lat' dir='ltr'>ae</span> <span class='ocrx_word' id='word_1_266' title='bbox 1255 3016 1304 3087; x_wconf 85' lang='lat' dir='ltr'>qui</span> 
     </span>
     <span class='ocr_line' id='line_1_29' title="bbox 133 3118 1302 3194; baseline -0.006 -13"><span class='ocrx_word' id='word_1_267' title='bbox 133 3124 272 3183; x_wconf 74' lang='lat' dir='ltr'>malam</span> <span class='ocrx_word' id='word_1_268' title='bbox 291 3121 411 3180; x_wconf 81' lang='lat' dir='ltr'>fruetus.</span> <span class='ocrx_word' id='word_1_269' title='bbox 450 3123 522 3180; x_wconf 91' lang='lat' dir='ltr'>Item</span> <span class='ocrx_word' id='word_1_270' title='bbox 542 3119 620 3194; x_wconf 90' lang='lat' dir='ltr'>quod</span> <span class='ocrx_word' id='word_1_271' title='bbox 642 3122 702 3180; x_wconf 87' lang='lat' dir='ltr'>sola</span> <span class='ocrx_word' id='word_1_272' title='bbox 718 3119 776 3181; x_wconf 90' lang='lat' dir='ltr'>fide</span> <span class='ocrx_word' id='word_1_273' title='bbox 795 3122 825 3180; x_wconf 91' lang='lat' dir='ltr'>in</span> <span class='ocrx_word' id='word_1_274' title='bbox 840 3120 983 3180; x_wconf 86' lang='lat' dir='ltr'>Christum</span> <span class='ocrx_word' id='word_1_275' title='bbox 1006 3119 1191 3177; x_wconf 85' lang='lat' dir='ltr'>salvaremur.</span> <span class='ocrx_word' id='word_1_276' title='bbox 1230 3118 1302 3175; x_wconf 86' lang='lat' dir='ltr'>item</span> 
     </span>
     <span class='ocr_line' id='line_1_30' title="bbox 134 3223 1301 3302; baseline -0.008 -14"><span class='ocrx_word' id='word_1_277' title='bbox 134 3245 218 3302; x_wconf 84' lang='lat' dir='ltr'>quam</span> <span class='ocrx_word' id='word_1_278' title='bbox 233 3229 350 3287; x_wconf 89' lang='lat' dir='ltr'>sinistre</span> <span class='ocrx_word' id='word_1_279' title='bbox 373 3227 495 3299; x_wconf 84' lang='lat' dir='ltr'>papistae</span> <span class='ocrx_word' id='word_1_280' title='bbox 514 3226 663 3285; x_wconf 84' lang='lat' dir='ltr'>infernalis</span> <span class='ocrx_word' id='word_1_281' title='bbox 686 3228 817 3286; x_wconf 87' lang='lat' dir='ltr'>draconis</span> <span class='ocrx_word' id='word_1_282' title='bbox 833 3242 958 3299; x_wconf 77' lang='lat' dir='ltr'>squama</span> <span class='ocrx_word' id='word_1_283' title='bbox 972 3223 1057 3282; x_wconf 90' lang='lat' dir='ltr'>fidem</span> <span class='ocrx_word' id='word_1_284' title='bbox 1072 3223 1147 3280; x_wconf 88' lang='lat' dir='ltr'>hano</span> <span class='ocrx_word' id='word_1_285' title='bbox 1161 3223 1301 3295; x_wconf 88' lang='lat' dir='ltr'>interpre-</span> 
     </span>
     <span class='ocr_line' id='line_1_31' title="bbox 133 3325 1304 3405; baseline -0.009 -12"><span class='ocrx_word' id='word_1_286' title='bbox 133 3340 273 3393; x_wconf 87' lang='lat' dir='ltr'>tarentur.</span> <span class='ocrx_word' id='word_1_287' title='bbox 312 3332 445 3404; x_wconf 85' lang='lat' dir='ltr'>Denique</span> <span class='ocrx_word' id='word_1_288' title='bbox 464 3331 524 3390; x_wconf 89' lang='lat' dir='ltr'>sive</span> <span class='ocrx_word' id='word_1_289' title='bbox 548 3338 647 3404; x_wconf 92' lang='lat' dir='ltr'>antea,</span> <span class='ocrx_word' id='word_1_290' title='bbox 672 3331 731 3389; x_wconf 83' lang='lat' dir='ltr'>sive</span> <span class='ocrx_word' id='word_1_291' title='bbox 751 3336 866 3405; x_wconf 90' lang='lat' dir='ltr'>postea,</span> <span class='ocrx_word' id='word_1_292' title='bbox 893 3331 953 3389; x_wconf 86' lang='lat' dir='ltr'>sive</span> <span class='ocrx_word' id='word_1_293' title='bbox 977 3329 1091 3386; x_wconf 89' lang='lat' dir='ltr'>interim</span> <span class='ocrx_word' id='word_1_294' title='bbox 1111 3325 1181 3399; x_wconf 87' lang='lat' dir='ltr'>quid</span> <span class='ocrx_word' id='word_1_295' title='bbox 1205 3330 1304 3383; x_wconf 87' lang='lat' dir='ltr'>eontra</span> 
     </span>
     <span class='ocr_line' id='line_1_32' title="bbox 133 3432 1303 3513; baseline -0.008 -14"><span class='ocrx_word' id='word_1_296' title='bbox 133 3441 304 3513; x_wconf 82' lang='lat' dir='ltr'>seripturarn</span> <span class='ocrx_word' id='word_1_297' title='bbox 324 3444 354 3497; x_wconf 93' lang='lat' dir='ltr'>et</span> <span class='ocrx_word' id='word_1_298' title='bbox 372 3453 470 3495; x_wconf 80' lang='lat' dir='ltr'>veram</span> <span class='ocrx_word' id='word_1_299' title='bbox 490 3437 658 3508; x_wconf 88' lang='lat' dir='ltr'>religionem</span> <span class='ocrx_word' id='word_1_300' title='bbox 674 3435 808 3495; x_wconf 88' lang='lat' dir='ltr'>Sathanae</span> <span class='ocrx_word' id='word_1_301' title='bbox 830 3436 952 3494; x_wconf 86' lang='lat' dir='ltr'>venatici</span> <span class='ocrx_word' id='word_1_302' title='bbox 967 3450 1052 3491; x_wconf 90' lang='lat' dir='ltr'>canes</span> <span class='ocrx_word' id='word_1_303' title='bbox 1067 3432 1236 3491; x_wconf 89' lang='lat' dir='ltr'>mohrentur</span> <span class='ocrx_word' id='word_1_304' title='bbox 1252 3448 1303 3491; x_wconf 91' lang='lat' dir='ltr'>nos</span> 
     </span>
     <span class='ocr_line' id='line_1_33' title="bbox 132 3537 1303 3619; baseline -0.005 -17"><span class='ocrx_word' id='word_1_305' title='bbox 132 3545 209 3619; x_wconf 85' lang='lat' dir='ltr'>ipsos</span> <span class='ocrx_word' id='word_1_306' title='bbox 223 3541 281 3601; x_wconf 87' lang='lat' dir='ltr'>fide</span> <span class='ocrx_word' id='word_1_307' title='bbox 296 3546 328 3600; x_wconf 90' lang='lat' dir='ltr'>et</span> <span class='ocrx_word' id='word_1_308' title='bbox 348 3542 442 3615; x_wconf 81' lang='lat' dir='ltr'>gratia</span> <span class='ocrx_word' id='word_1_309' title='bbox 458 3539 564 3600; x_wconf 82' lang='lat' dir='ltr'>Christi</span> <span class='ocrx_word' id='word_1_310' title='bbox 589 3539 772 3600; x_wconf 89' lang='lat' dir='ltr'>obfirmantes</span> <span class='ocrx_word' id='word_1_311' title='bbox 794 3541 938 3612; x_wconf 88' lang='lat' dir='ltr'>patienter</span> <span class='ocrx_word' id='word_1_312' title='bbox 957 3539 1052 3597; x_wconf 90' lang='lat' dir='ltr'>omnia</span> <span class='ocrx_word' id='word_1_313' title='bbox 1068 3537 1174 3596; x_wconf 90' lang='lat' dir='ltr'>Christi</span> <span class='ocrx_word' id='word_1_314' title='bbox 1189 3538 1303 3596; x_wconf 92' lang='lat' dir='ltr'>nomine</span> 
     </span>
     <span class='ocr_line' id='line_1_34' title="bbox 133 3642 1304 3732; baseline -0.008 -26"><span class='ocrx_word' id='word_1_315' title='bbox 133 3647 310 3723; x_wconf 85' lang='lat' dir='ltr'>perferemus</span> <span class='ocrx_word' id='word_1_316' title='bbox 320 3726 324 3732; x_wconf 86' lang='lat'>.</span> <span class='ocrx_word' id='word_1_317' title='bbox 334 3646 406 3704; x_wconf 88' lang='lat' dir='ltr'>eerti</span> <span class='ocrx_word' id='word_1_318' title='bbox 426 3661 478 3704; x_wconf 91' lang='lat' dir='ltr'>nos</span> <span class='ocrx_word' id='word_1_319' title='bbox 498 3647 584 3704; x_wconf 89' lang='lat' dir='ltr'>etiam</span> <span class='ocrx_word' id='word_1_320' title='bbox 599 3646 693 3705; x_wconf 92' lang='lat' dir='ltr'>denuo</span> <span class='ocrx_word' id='word_1_321' title='bbox 709 3647 796 3706; x_wconf 90' lang='lat' dir='ltr'>ethis</span> <span class='ocrx_word' id='word_1_322' title='bbox 811 3646 892 3705; x_wconf 84' lang='lat' dir='ltr'>victis</span> <span class='ocrx_word' id='word_1_323' title='bbox 907 3644 984 3718; x_wconf 86' lang='lat' dir='ltr'>apud</span> <span class='ocrx_word' id='word_1_324' title='bbox 999 3642 1143 3702; x_wconf 89' lang='lat' dir='ltr'>Christum</span> <span class='ocrx_word' id='word_1_325' title='bbox 1159 3642 1304 3700; x_wconf 89' lang='lat' dir='ltr'>dominum</span> 
     </span>
     <span class='ocr_line' id='line_1_35' title="bbox 134 3746 1302 3825; baseline -0.01 -13"><span class='ocrx_word' id='word_1_326' title='bbox 134 3759 265 3812; x_wconf 86' lang='lat' dir='ltr'>nostrum</span> <span class='ocrx_word' id='word_1_327' title='bbox 284 3751 508 3824; x_wconf 89' lang='lat' dir='ltr'>triumphatores</span> <span class='ocrx_word' id='word_1_328' title='bbox 530 3751 666 3825; x_wconf 85' lang='lat' dir='ltr'>existere,</span> <span class='ocrx_word' id='word_1_329' title='bbox 689 3752 774 3810; x_wconf 93' lang='lat' dir='ltr'>modo</span> <span class='ocrx_word' id='word_1_330' title='bbox 794 3753 823 3810; x_wconf 91' lang='lat' dir='ltr'>in</span> <span class='ocrx_word' id='word_1_331' title='bbox 838 3752 900 3825; x_wconf 88' lang='lat' dir='ltr'>ejus</span> <span class='ocrx_word' id='word_1_332' title='bbox 917 3749 1093 3808; x_wconf 83' lang='lat' dir='ltr'>confessione</span> <span class='ocrx_word' id='word_1_333' title='bbox 1108 3746 1302 3820; x_wconf 88' lang='lat' dir='ltr'>persistemus.</span> 
     </span>
     <span class='ocr_line' id='line_1_36' title="bbox 134 3848 1303 3933; baseline -0.011 -15"><span class='ocrx_word' id='word_1_334' title='bbox 134 3858 218 3933; x_wconf 72' lang='lat' dir='ltr'>Quod</span> <span class='ocrx_word' id='word_1_335' title='bbox 233 3856 317 3916; x_wconf 85' lang='lat' dir='ltr'>nobis</span> <span class='ocrx_word' id='word_1_336' title='bbox 332 3859 362 3913; x_wconf 89' lang='lat' dir='ltr'>et</span> <span class='ocrx_word' id='word_1_337' title='bbox 376 3854 475 3929; x_wconf 85' lang='lat' dir='ltr'>largiri</span> <span class='ocrx_word' id='word_1_338' title='bbox 490 3860 519 3913; x_wconf 90' lang='lat' dir='ltr'>et</span> <span class='ocrx_word' id='word_1_339' title='bbox 533 3872 586 3914; x_wconf 89' lang='lat' dir='ltr'>nos</span> <span class='ocrx_word' id='word_1_340' title='bbox 601 3872 771 3915; x_wconf 81' lang='lat' dir='ltr'>conservare</span> <span class='ocrx_word' id='word_1_341' title='bbox 786 3855 919 3930; x_wconf 88' lang='lat' dir='ltr'>dignetur</span> <span class='ocrx_word' id='word_1_342' title='bbox 934 3853 1063 3912; x_wconf 89' lang='lat' dir='ltr'>Christus</span> <span class='ocrx_word' id='word_1_343' title='bbox 1077 3850 1096 3908; x_wconf 86' lang='lat' dir='ltr'>J</span> <span class='ocrx_word' id='word_1_344' title='bbox 1098 3866 1171 3908; x_wconf 90' lang='lat' dir='ltr'>esus.</span> <span class='ocrx_word' id='word_1_345' title='bbox 1201 3848 1303 3906; x_wconf 87' lang='lat' dir='ltr'>Arnen.</span> 
     </span>
     <span class='ocr_line' id='line_1_37' title="bbox 222 3953 1303 4036; baseline -0.011 -15"><span class='ocrx_word' id='word_1_346' title='bbox 222 3961 357 4021; x_wconf 88' lang='lat' dir='ltr'>Eundem</span> <span class='ocrx_word' id='word_1_347' title='bbox 377 3959 542 4020; x_wconf 86' lang='lat' dir='ltr'>donavimus</span> <span class='ocrx_word' id='word_1_348' title='bbox 563 3962 670 4034; x_wconf 80' lang='lat' dir='ltr'>scripto</span> <span class='ocrx_word' id='word_1_349' title='bbox 685 3961 811 4036; x_wconf 89' lang='lat' dir='ltr'>Philippi</span> <span class='ocrx_word' id='word_1_350' title='bbox 825 3958 1029 4029; x_wconf 86' lang='lat' dir='ltr'>Melanthonis,</span> <span class='ocrx_word' id='word_1_351' title='bbox 1052 3953 1121 4027; x_wconf 91' lang='lat' dir='ltr'>quid</span> <span class='ocrx_word' id='word_1_352' title='bbox 1135 3954 1177 4011; x_wconf 93' lang='lat' dir='ltr'>illi</span> <span class='ocrx_word' id='word_1_353' title='bbox 1190 3953 1303 4012; x_wconf 86' lang='lat' dir='ltr'>ridere-</span> 
     </span>
     <span class='ocr_line' id='line_1_38' title="bbox 133 4057 1304 4140; baseline -0.013 -12"><span class='ocrx_word' id='word_1_354' title='bbox 133 4074 180 4128; x_wconf 85' lang='lat' dir='ltr'>tur</span> <span class='ocrx_word' id='word_1_355' title='bbox 197 4066 233 4126; x_wconf 91' lang='lat' dir='ltr'>de</span> <span class='ocrx_word' id='word_1_356' title='bbox 247 4065 431 4124; x_wconf 87' lang='lat' dir='ltr'>interimente</span> <span class='ocrx_word' id='word_1_357' title='bbox 445 4065 575 4139; x_wconf 90' lang='lat' dir='ltr'>iuterim,</span> <span class='ocrx_word' id='word_1_358' title='bbox 592 4072 621 4124; x_wconf 89' lang='lat' dir='ltr'>et</span> <span class='ocrx_word' id='word_1_359' title='bbox 635 4068 785 4140; x_wconf 85' lang='lat' dir='ltr'>pecuniam</span> <span class='ocrx_word' id='word_1_360' title='bbox 801 4065 840 4124; x_wconf 92' lang='lat' dir='ltr'>ad</span> <span class='ocrx_word' id='word_1_361' title='bbox 857 4058 1085 4137; x_wconf 84' lang='lat' dir='ltr'>locupletandam</span> <span class='ocrx_word' id='word_1_362' title='bbox 1100 4057 1304 4132; x_wconf 87' lang='lat' dir='ltr'>supeheetilem</span> 
     </span>
     <span class='ocr_line' id='line_1_39' title="bbox 134 4168 545 4243; baseline -0.01 -12"><span class='ocrx_word' id='word_1_363' title='bbox 134 4170 272 4233; x_wconf 89' lang='lat' dir='ltr'>librorum</span> <span class='ocrx_word' id='word_1_364' title='bbox 286 4168 425 4243; x_wconf 88' lang='lat' dir='ltr'>impertiti</span> <span class='ocrx_word' id='word_1_365' title='bbox 438 4184 545 4228; x_wconf 89' lang='lat' dir='ltr'>sumus.</span> 
     </span>
    </p>
   </div>
   <div class='ocr_carea' id='block_1_3' title="bbox 0 0 1344 4546">
    <p class='ocr_par' dir='ltr' id='par_1_3' title="bbox 0 0 1344 4546">
     <span class='ocr_line' id='line_1_40' title="bbox 0 0 1344 4546; baseline 0 0"><span class='ocrx_word' id='word_1_366' title='bbox 0 0 1344 4546; x_wconf 95' lang='lat' dir='ltr'> </span> 
     </span>
    </p>
   </div>
  </div>
 </body>
</html>
