2678 4546
691 37 736 103 04

130 223 166 282 dc
181 238 214 281 eo
230 228 399 294 metuamus,
415 221 467 280 sed
481 223 624 281 constanti
638 219 695 280 fide
711 222 740 279 in
752 218 865 280 Christo
881 218 996 279 diaholo
1010 218 1191 279 resistamus.
1222 218 1304 293 Item,

129 328 165 387 de
180 345 224 400 eo,
240 329 318 402 quod
334 326 463 387 Christus
478 327 602 387 dixerat:
621 327 699 386 »Sed
713 326 881 385 otmundus
897 329 1059 400 cognoscat,
1075 324 1155 398 quod
1170 340 1226 399 ego
1242 323 1303 384 dili·

130 450 195 507 gam
210 439 353 505 patrem«,
373 434 461 506 iussit
475 439 505 492 et
520 449 571 492 nos
586 433 715 493 similiter
736 426 885 492 animatos
896 448 969 491 esse.
998 431 1028 491 Si
1048 431 1092 491 ita
1105 429 1225 489 domino
1244 429 1302 505 pln-

130 539 217 598 citum
231 538 328 611 inerit,
352 544 384 597 nt
403 555 516 599 erucem
535 533 669 611 ieramus,
694 538 792 598 demus
814 553 1001 611 operamne
1021 537 1118 596 animo
1138 542 1302 596 consterne-

130 661 203 717 mur,
226 645 277 703 sed
292 643 349 703 fide
364 647 451 703 erecti
459 661 519 703 nos
533 628 605 705 tales
621 643 810 720 praebeamus,
835 644 883 716 qui
903 642 999 703 omnia
1018 647 1049 702 et
1066 639 1166 701 facere
1186 647 1217 703 et
1230 640 1303 701 forre

130 751 288 825 cupiamus,
313 766 370 824 qno
391 750 498 810 mundo
520 755 655 810 testatum
677 748 741 822 fiat,
765 766 818 810 nos
843 753 874 808 et
896 749 972 807 hunc
992 748 1138 809 dominum
1158 763 1258 809 amaro
1276 752 1303 806 et

131 858 191 930 ejus
207 856 302 930 gratia
317 856 421 928 omnia,
447 872 511 928 quae
526 857 603 915 illins
618 857 739 930 gloriam
753 861 938 928 concernunt,
962 856 1075 929 perpeti
1095 855 1300 927 pomtissimos.

130 961 214 1033 Nam,
237 962 338 1034 inquit,
362 964 386 1020 si
406 962 440 1033 is,
465 963 513 1036 qni
532 963 699 1035 imperatori
718 960 793 1022 fidus
812 960 905 1021 videri
923 960 994 1032 vult,
1018 960 1126 1032 omnia,
1148 960 1183 1019 in
1205 959 1300 1034 quihus

130 1068 296 1142 imperatori
311 1084 420 1126 morem
435 1084 466 1127 se
481 1084 583 1142 gerere
598 1085 681 1142 posse
697 1070 863 1141 arbitratur,
888 1073 918 1127 et
932 1063 1033 1125 suffert
1052 1063 1177 1138 etfacit,
1201 1068 1233 1127 et
1244 1065 1300 1138 eius

130 1189 162 1231 se
183 1174 304 1231 amicum
325 1172 371 1230 vel
392 1173 524 1230 clientem
543 1171 663 1248 fatetur,
688 1179 796 1247 quanto
818 1174 910 1248 magis
930 1172 960 1231 id
981 1185 1034 1230 nos
1055 1175 1200 1245 prestare
1221 1168 1298 1229 dobo-

130 1293 202 1347 mus,
226 1277 275 1348 qui
295 1277 432 1336 habemus
454 1279 600 1340 dominnm
613 1280 711 1339 lesum
726 1280 822 1338 multis
838 1276 1058 1351 imperatoribus
1072 1276 1224 1350 madorem,
1245 1288 1297 1333 ma·

131 1382 205 1440 xime
225 1397 288 1439 cum
308 1382 388 1457 impii
407 1389 578 1456 potestatem
599 1401 686 1457 super
707 1390 814 1444 sortem
831 1385 976 1456 justorum
997 1396 1055 1440 non
1078 1381 1218 1440 habeant.
1242 1376 1298 1437 dai

132 1501 184 1544 nos
206 1487 236 1544 in
258 1487 373 1545 exilium
394 1489 438 1547 ire
462 1495 575 1562 cogant,
599 1488 637 1547 ah
659 1504 750 1548 uxore
777 1495 807 1547 et
828 1488 925 1548 liberis
953 1486 1080 1546 avellant
1102 1490 1159 1545 oto.
1183 1484 1296 1557 denique

132 1591 177 1648 vel
197 1592 284 1651 vitam
306 1593 443 1665 eripiant,
467 1593 538 1652 nihil
556 1598 652 1652 temen
674 1595 705 1651 in
727 1595 852 1654 animam
878 1594 922 1653 rel
945 1593 1066 1652 salutern
1088 1598 1221 1652 nostrum
1240 1604 1295 1663 pos·

131 1703 198 1756 snut
216 1703 270 1756 etc.
310 1698 355 1757 De
374 1698 476 1757 horum
497 1698 649 1758 verborum
672 1700 885 1774 explanatione,
910 1699 1017 1758 scilicet
1038 1698 1144 1757 »Sicut
1160 1694 1294 1757 mandarit

131 1805 198 1863 mihi
213 1810 306 1879 pater,
322 1804 364 1863 sic
377 1803 511 1878 faciam«,
528 1805 569 1864 ait
584 1821 614 1864 se
629 1806 659 1864 in
675 1821 735 1877 cap.
754 1807 772 1863 8
789 1805 873 1879 hujus
889 1805 1073 1878 evangelistes
1086 1805 1176 1877 plura
1190 1802 1291 1871 dixisse.

127 1908 233 1981 jubens
253 1915 359 1982 tamen,
383 1918 425 1982 ut,
449 1912 473 1968 si
494 1909 587 1969 Deum
608 1909 728 1985 diligere
748 1910 876 1983 velimus,
901 1925 965 1984 quae
985 1909 1056 1969 dens
1070 1909 1291 1985 praeceperitct

131 2012 275 2073 faciamus.
314 2016 421 2087 Sciens,
437 2016 539 2089 inquit,
560 2014 700 2086 dominus,
723 2032 808 2089 quam
822 2017 956 2090 princeps
970 1996 1057 2088 hujus
1071 2015 1173 2075 mnndi
1187 2015 1217 2073 in
1228 2008 1289 2072 Joh

132 2125 161 2177 et
176 2135 234 2177 snae
250 2121 336 2179 sortis
351 2121 512 2182 hominihus
527 2118 651 2192 fureret,
675 2123 730 2180 ait:
755 2122 882 2195 surgite,
906 2136 1003 2180 eamus
1017 2119 1092 2179 hinc.
1308 2096 1330 2259 Ι

221 2225 283 2284 Hac
303 2226 350 2285 die
369 2226 440 2286 nihil
460 2226 640 2286 sollicitatum
661 2233 714 2300 est,
738 2244 775 2287 ne
796 2228 910 2288 onerosi
924 2231 976 2286 ant
988 2225 1077 2285 toedio
1098 2226 1201 2287 aulicis
1221 2220 1286 2285 scui-
1309 2262 1313 2267 -

133 2329 194 2389 deis
209 2346 343 2390 essemus.

220 2436 330 2496 Eadem
344 2438 374 2497 in
389 2439 496 2511 palatio
512 2437 633 2498 Caesaris
647 2457 699 2499 rex
714 2440 915 2500 Ferdinandus
930 2445 960 2500 et
973 2437 1108 2499 advocati
1124 2439 1205 2499 ducis
1215 2432 1285 2499 UdaL

131 2544 182 2602 rici
197 2560 294 2603 coram
309 2545 504 2619 imperialibus
519 2545 691 2605 consiliariis
707 2544 880 2619 praesidente
901 2543 1117 2619 archiepiscopo
1138 2542 1286 2605 Coloniew

132 2665 232 2708 causas
247 2651 381 2723 agebant.
1315 2652 1328 2721 l

220 2754 343 2813 Domine
362 2757 446 2827 Jesu,
472 2758 520 2829 qui
540 2774 571 2814 es
591 2755 733 2829 ipsissima
751 2757 872 2828 veritas,
896 2761 929 2815 tn
950 2772 1019 2815 vere
1039 2756 1150 2829 dixisti,
1173 2772 1226 2817 nos
1243 2754 1291 2813 dut
1323 2746 1330 2773 '⁶

133 2864 162 2915 te
177 2858 248 2916 nihil
262 2875 354 2931 posse.
386 2860 477 2931 Quam
492 2861 528 2920 oh
544 2876 604 2918 rem
619 2860 764 2920 humiliter
782 2867 812 2921 te
832 2862 1027 2935 deprecamur,
1050 2868 1084 2921 nt
1104 2861 1198 2923 dones
1210 2858 1294 2921 titia

134 2964 264 3022 omnibus
284 2965 403 3024 obedire
422 2970 452 3024 et
471 2966 524 3025 tibi
546 2965 598 3025 soli
619 2966 712 3026 inuiti.
750 2965 872 3025 Causam
888 2965 1008 3027 defende
1023 2971 1113 3039 tumn,
1137 2972 1191 3029 tue
1204 2966 1297 3043 glori&

134 3067 259 3141 Christo,
284 3071 389 3129 vincat.

222 3194 240 3233 v
260 3175 331 3249 Moji
351 3177 507 3249 intemplo
527 3178 728 3237 observantum
748 3177 776 3235 d.
798 3176 966 3238 Leonardus
985 3177 1102 3237 familia
1121 3180 1296 3241 concionum

134 3288 235 3340 estex
257 3297 319 3353 cap.
346 3283 386 3340 28
409 3281 528 3354 Matth,
554 3283 686 3341 nimirum
708 3282 807 3342 dehis
828 3282 938 3342 verbisr
960 3284 1001 3342 Et
1020 3285 1091 3343 exiit
1111 3301 1210 3346 senno
1230 3278 1296 3359 apd

134 3386 261 3455 ludaeos,
285 3386 423 3458 usquein
442 3387 612 3446 hodiernum
631 3387 707 3446 diem
727 3393 780 3446 etc.
810 3388 949 3460 Audistis,
972 3389 1075 3462 inquit,
1100 3390 1295 3453 nummariis·

135 3496 164 3547 ot
178 3490 313 3563 perendie
329 3492 365 3551 de
380 3493 540 3565 pervicacia
553 3492 720 3552 Judaeorum
736 3500 765 3551 et
779 3492 899 3552 militnm
918 3509 1032 3567 quoquc
1047 3493 1163 3567 perfida
1177 3494 1294 3561 enrith.

135 3596 184 3668 qui
197 3602 315 3669 acceptu
329 3600 463 3671 pecunia,
487 3604 519 3657 ut
539 3615 558 3656 a
577 3598 677 3657 son-ibis
698 3603 727 3656 et
740 3597 896 3658 Pharisaeis
917 3599 1010 3659 edocti
1031 3608 1125 3674 erant,
1150 3602 1228 3663 hunc
1243 3612 1292 3659 rtr-

134 3719 245 3761 monem
261 3710 442 3775 sparserunt,
466 3718 563 3778 quem,
587 3705 716 3777 inquam,
740 3703 920 3764 sermonem?
943 3706 1076 3765 nimirum
1096 3706 1200 3781 toln,
1221 3700 1291 3765 dh*
1324 3694 1330 3701 ⁰

133 3809 217 3883 pulos
241 3807 396 3869 suffuratos
419 3825 482 3868 esse
502 3813 588 3868 noctu
608 3825 712 3883 corpus
732 3809 838 3868 domini
857 3809 936 3869 lesu.
976 3812 1031 3883 Qui
1051 3828 1149 3873 sermo
1172 3819 1203 3873 et
1221 3818 1331 3891 om}

135 3916 294 3974 verisimilis
310 3916 356 3985 sit,
381 3913 500 3973 audistis
521 3914 615 3987 etiarn,
640 3921 669 3974 et
687 3920 782 3974 temen
802 3915 848 3974 hio
867 3932 960 3975 sermo
980 3916 1058 3990 apud
1078 3917 1200 3979 Jndoeos
1215 3908 1287 3975 old·
1311 3908 1331 3961 *2

137 4026 232 4092 iratos,
257 4038 313 4079 non
335 4019 412 4095 apud
435 4018 610 4079 Christianos
632 4022 797 4094 permansit.
843 4021 926 4093 Quod
948 4028 1043 4080 autem
1066 4022 1129 4081 haec
1152 4020 1285 4083 ntum·
1323 4014 1331 4069 ἒ

137 4126 310 4198 evangelista
328 4132 387 4185 tarn
408 4125 522 4185 disertis
545 4125 639 4185 verbis
664 4126 791 4186 indicare
818 4126 954 4198 voluerit,
978 4126 1045 4188 ideo
1064 4126 1172 4191 tactum
1192 4118 1286 4195 cst*
