2678 4546
653 39 698 103 '12

175 225 286 287 Eadem
300 240 395 286 ιοιιιι
407 218 577 283 wilhelmus
592 224 691 281 mutuo
708 219 790 282 nobis
803 219 883 280 dedit
897 218 1063 295 quindecim
1074 220 1144 282 ilias
1154 222 1259 283 concio·

84 350 136 394 nes
150 332 300 392 Michaelis
320 328 495 404 suffraganei
513 326 743 401 Moguntineusis
764 325 800 419 de
819 325 1000 386 sanctissima
1020 327 1123 404 missa,
1145 329 1259 390 sdbcett

174 438 295 511 Quidam
315 435 452 512 principis
472 433 592 507 ιιιιιιιιιι
614 447 673 491 non
693 414 807 492 omuino
827 431 944 511 pessimi
963 433 1066 493 noxios
1086 436 1259 496 camilianus

84 544 256 604 Michaelem
270 542 405 602 Judaum
425 546 455 600 et
474 539 616 599 Jcannem
630 536 765 596 Islebium
787 536 953 612 theologum
974 554 1041 599 esse
1065 539 1153 603 dixit
1190 541 1261 602 Proh

81 649 182 724 dolor,
206 665 268 707 rem
282 663 336 707 acu
354 647 460 720 tetigit.

176 754 265 814 Libra
280 753 436 813 aromatica
450 766 509 810 uua
523 724 576 824 pro
592 748 719 808 denariis
739 747 879 808 duobus
870 766 901 809 ιι
920 750 1088 812 molendino
1111 752 1262 813 musico

87 859 281 922 contunditur.

175 966 286 1026 Eadem
305 981 399 1025 comes
414 980 433 1023 a
447 962 561 1022 Nassau
580 963 718 1044 scriptum
739 942 938 1035 compromissi
950 961 1146 1037 landtgrauiae
1166 969 1196 1024 et
1216 980 1263 1024 suo

87 1072 181 1148 sigillo
196 1071 412 1131 corroboratum
427 1069 486 1127 suis
500 1067 673 1142 syngraphis
693 1067 883 1143 subscriptum
903 1068 987 1128 nobis
1005 1068 1130 1129 remisit.
1162 1071 1263 1131 Verum

88 1177 266 1238 coloniensis
281 1192 376 1236 ceram
392 1181 421 1235 et
435 1190 591 1250 papyrum,
615 1171 738 1232 sednon
753 1172 908 1248 sigillatum
922 1178 1110 1247 apposuerat.
1142 1175 1263 1235 Potitum

88 1285 176 1359 igitur
191 1280 351 1355 consilium,
367 1278 416 1338 sed
432 1286 528 1339 tamen
542 1282 634 1337 mutat
635 1293 652 1336 ο
621 1278 786 1338 tconsilic
801 1294 865 1337 oum
880 1277 975 1352 sigillo
990 1279 1105 1339 coritis
1120 1296 1142 1339 a
1154 1280 1263 1341 Nesaee

88 1385 241 1446 fideremus
256 1400 354 1445 omnes
369 1390 399 1444 e
414 1384 507 1459 ngullo
523 1389 553 1443 e
566 1400 698 1443 manuum
720 1383 929 1458 subscriptione
950 1382 1032 1461 (licet
1051 1384 1151 1499 animo
1165 1381 1261 1459 inrito)

88 1492 226 1567 scriptum
240 1490 296 1549 hoc
310 1487 547 1549 confirmavimus.

178 1597 253 1656 Doct
255 1612 288 1655 or
241 1593 423 1655 tGarolus
442 1595 541 1668 Horat,
564 1594 728 1655 Joachimus
742 1593 830 1670 Hagk
850 1598 881 1653 et
899 1593 937 1653 N.
957 1592 1071 1654 Doctae
1089 1560 1127 1653 ac
1146 1594 1259 1655 Wribei·

88 1719 151 1763 mus
167 1703 298 1764 Ketteler
319 1703 481 1777 canonicus,
506 1700 591 1778 (qui
579 1717 639 1776 Jam
654 1702 684 1759 in
699 1697 863 1774 pontificem
877 1701 1139 1761 monasteriensem
1159 1700 1258 1761 electu

89 1807 159 1885 est),
186 1804 197 1844 ¹
213 1807 312 1869 cliviae
327 1808 406 1868 ducis
422 1807 578 1867 consiliarii
592 1804 698 1866 fratres
713 1812 828 1867 nostros
844 1805 1010 1865 adcoeuam
1024 1812 1177 1867 vocarunt

177 1914 288 1974 Eadem
308 1913 497 1974 Wendelinus
523 1917 553 1972 et
573 1912 677 1971 Florus
700 1910 880 1970 archiducem
902 1910 1135 1971 Maximilianum
1156 1910 1254 1985 adime,

89 2020 138 2094 qui
153 2035 202 2079 ecs
219 2020 373 2079 clementer
389 2018 507 2078 audivit.
538 2016 728 2094 Respondent
742 2016 785 2075 illi
799 2017 890 2091 probe
904 2016 1051 2091 obvenire,
1075 2017 1158 2092 quod
1170 2015 1254 2079 anui

88 2140 157 2184 suus
173 2123 232 2183 dux
246 2122 344 2184 clivia
359 2124 500 2198 cumipse
515 2122 551 2182 de
565 2122 714 2182 comitibus
729 2123 760 2181 in
774 2121 918 2183 Waldeck
933 2121 1047 2182 locutus
1061 2122 1111 2183 sit.
1141 2124 1252 2185 Passus

88 2230 175 2289 etiam
191 2228 295 2301 omnia,
319 2242 383 2301 quae
404 2227 442 2287 ad
462 2243 577 2287 causam
595 2227 744 2287 commoda
762 2232 837 2303 suut,
861 2225 967 2302 facere,
990 2227 1106 2302 sibique
1119 2232 1250 2299 censure,

89 2334 126 2395 de
141 2349 228 2393 causa
247 2337 346 2392 nostra
365 2332 458 2393 adhuc
479 2332 550 2391 nihil
570 2333 608 2394 ad
627 2335 829 2408 imperatorem
847 2333 971 2393 relatum
990 2348 1065 2395 esse.
1103 2334 1209 2395 Verum
1225 2346 1250 2391 es

88 2439 221 2500 daturum
237 2456 370 2515 operam,
394 2439 419 2498 si
432 2440 478 2500 vel
489 2438 556 2516 'ipso
570 2441 625 2501 hcc
640 2439 686 2499 die
701 2439 770 2514 quid
785 2437 898 2500 efficere
912 2445 1020 2514 posset.

177 2547 332 2610 Wolradus
347 2553 450 2624 rogatu
465 2546 587 2607 fratrum
601 2565 660 2608 uua
675 2564 739 2608 oum
753 2554 857 2622 nepote
877 2546 1009 2608 Samuele
1027 2545 1136 2611 ιιιιιιι
1153 2546 1191 2617 ad
1202 2542 1248 2605 cd

87 2673 189 2717 tenses
204 2657 381 2716 consiliarios
396 2672 449 2731 pro
464 2654 565 2715 umbra
580 2655 785 2714 concomitatur
801 2659 853 2714 est.
882 2653 969 2730 Apud
989 2669 1063 2728 quos
1081 2670 1182 2715 mensa
1198 2653 1250 2713 eret

89 2763 208 2837 opipare
234 2763 389 2835 instructa,
422 2762 470 2820 ubi
499 2767 529 2820 et
556 2759 765 2835 disputationes
787 2761 875 2820 variae
897 2761 1075 2836 inciderunt,
1104 2765 1135 2821 et
1154 2756 1248 2837 reperti

89 2871 157 2925 sunt
178 2865 272 2938 multi,
297 2866 346 2939 qui
366 2879 419 2923 nec
439 2865 560 2939 papistis
579 2867 702 2941 palmam
723 2882 777 2925 nec
798 2868 902 2925 nostris
922 2867 1073 2927 victoriam
1093 2867 1247 2927 tument

90 2971 133 3030 Ao
155 2986 237 3029 nemo
257 2971 385 3029 miretur.
424 2969 606 3043 sapientibus
627 2971 725 3031 mundi
748 2972 784 3031 ab
806 2973 923 3045 antiquo
947 2987 995 3031 res
1015 2973 1123 3033 diviua
1144 2968 1248 3033 ridicule

90 3072 216 3136 fuerunt.
260 3074 370 3137 Aderat
397 3076 473 3135 iuter
495 3081 615 3137 caeteros
641 3075 717 3136 tilius
738 3075 878 3137 Gothardi
907 3077 1011 3152 equitis
1033 3081 1132 3140 aurati
1152 3096 1171 3140 a
1190 3076 1248 3137 iiet

90 3182 163 3243 teler
177 3187 231 3242 etc.
1294 3258 1297 3265 1

178 3286 333 3347 Doctorem
354 3285 487 3348 Carolum
507 3286 680 3364 rogabamus
701 3294 747 3364 ut,
779 3291 803 3349 si
826 3291 906 3350 locus
926 3291 1152 3366 concederetur,
1174 3286 1252 3351 moui

91 3393 262 3452 mentionem
283 3394 362 3467 apud
379 3394 599 3454 Atrebatensem
624 3392 740 3455 faceret.
780 3395 856 3455 Huic
876 3397 1039 3457 consultum
1053 3394 1253 3472 ridebatur,si

91 3496 233 3572 quispiam
249 3496 484 3559 subordinaretur
501 3494 524 3573 ²,
549 3501 598 3573 qui
620 3488 698 3575 apud
717 3501 862 3577 barpigias
884 3503 955 3562 istas
978 3503 1072 3563 multa
1086 3504 1126 3566 de
1140 3516 1252 3582 pauper·

91 3610 151 3665 tate
166 3609 265 3663 nostra
281 3602 390 3664 diceret
404 3621 438 3664 ac
452 3605 581 3666 redditus
597 3611 710 3666 nostros
726 3613 904 3667 extenuaret.

180 3709 269 3782 Dum,
291 3710 385 3769 nescio
406 3727 463 3783 quo
483 3711 636 3787 abeuntes,
660 3712 785 3787 bospitio
805 3714 984 3788 abessemus,
1011 3717 1092 3775 veuit
1116 3716 1255 3790 quideme

89 3816 199 3877 familia
219 3817 352 3875 comitum
370 3814 407 3874 de
426 3815 662 3893 Manderscheid,
687 3818 740 3877 der
761 3819 818 3878 alte
833 3819 978 3893 Tyderich
998 3822 1126 3897 nomine,
1142 3824 1193 3898 qui
1212 3821 1256 3893 sit.

94 3921 222 3983 dominos
237 3938 313 3996 suos,
337 3919 415 3996 quod
429 3921 568 3995 Augusta
589 3925 651 3997 sim,
674 3924 800 3997 latuisse,
826 3926 898 3985 alius
913 3924 987 3986 forte
1005 3927 1085 4003 ipsos
1100 3929 1142 3989 ad
1154 3944 1201 3991 me
1213 3926 1256 3988 de

668 4054 685 4090 e

151 4141 163 4185 ι
183 4136 238 4189 Das
255 4137 313 4190 hier
331 4139 563 4207 eingelrlarumerte
581 4140 651 4193 steht
667 4142 695 4192 in
714 4142 760 4193 der
778 4143 817 4194 hs.
834 4160 876 4194 am
891 4143 980 4196 rande.
1018 4146 1033 4194 i
1052 4143 1257 4199 subornaretur?
