2678 4546
617 86 662 156 rt

142 269 261 331 Werdae
275 269 513 346 splendidissimas
527 271 728 348 l'uggerorum
742 271 819 334 mdes
833 272 975 335 visuntur.
1005 273 1111 334 Adhuc
1122 273 1228 335 ibidom

92 377 195 451 angelii
209 375 369 437 docuinam·
383 379 519 437 retinent

141 482 337 542 Intelleximus
356 488 387 542 et
406 482 552 559 ahospitc
568 482 710 545 Simonem
725 483 744 545 a
759 483 870 546 Wende
885 500 943 545 non
962 484 1035 547 adeo
1055 486 1132 547 bona
1151 486 1228 546 vula-

92 587 154 648 iine
174 588 205 647 in
223 589 348 663 patriam
365 589 486 648 venisse.
525 586 695 649 werdensis
716 589 816 650 civitas
837 605 856 650 a
878 590 1085 665 weissenburg
1105 592 1229 652 miliaria
1299 591 1304 599 '

92 695 193 769 inque,
214 693 252 754 ab
263 692 396 768 Augusta
409 709 461 754 sex
476 694 574 755 distat.
603 693 679 754 Ante
694 699 793 770 portas
807 692 888 755 urbis
903 695 951 756 die
966 696 1105 759 Warmitr
1120 699 1151 758 in
1166 697 1225 758 Da-

92 800 171 861 bium
184 797 287 859 influit

140 905 201 979 xiiij
216 905 325 978 Aprilis
344 921 362 965 a
377 905 486 966 Werda
505 903 544 965 ad
558 904 722 965 Danubium
741 910 823 966 rectu
841 904 1002 980 Augustam
1016 907 1227 969 vindelicorum

92 1009 203 1070 udimus.
241 1009 312 1082 Qua
326 1011 356 1069 in
370 1012 419 1071 via
431 1011 611 1084 inspicienda
631 1014 729 1085 erant,
753 1011 779 1069 si
793 1010 873 1071 Deus
893 1010 1009 1086 faverit,
1033 1014 1065 1072 in
1078 1013 1176 1074 reditu
1189 1013 1227 1075 ad

92 1117 178 1177 triam
191 1116 422 1176 considerentur.

141 1221 280 1297 Augustae
292 1222 408 1282 circiter
420 1220 574 1282 secundam
586 1221 977 1301 pomeridianamhospitium
988 1223 1139 1299 intramus,
1151 1205 1227 1285 inira

92 1329 168 1388 tiam
183 1334 213 1389 ct
227 1333 361 1402 qusrmm
374 1328 461 1388 horas
479 1342 544 1387 cum
559 1326 746 1401 Wandoliuo,
770 1325 888 1387 Liborio
907 1343 941 1388 ac
955 1329 1112 1390 Melchiore
1131 1331 1225 1391 cousi·

92 1449 121 1492 m
136 1434 247 1493 initum.

140 1538 285 1599 Adrianus
305 1555 325 1599 a
342 1538 465 1599 Zcrtzcn
482 1538 600 1598 Ericum
619 1539 738 1600 nothum
756 1540 911 1601 aZartzen
931 1543 1072 1618 expiscari
1093 1543 1170 1603 misit
1187 1558 1226 1603 an

92 1645 210 1706 alradus
224 1661 339 1720 quoque
353 1644 476 1705 adesset.

140 1749 318 1810 Coloniensis
331 1751 470 1826 polypum
484 1751 553 1826 agit.

139 1857 273 1916 Libcrius
288 1863 318 1917 et
331 1857 474 1917 Melchior
486 1857 566 1916 missi
581 1862 649 1917 sunt
663 1856 701 1918 ad
716 1860 848 1919 comitam
858 1856 1040 1919 Wilhelmum
1056 1856 1092 1916 de
1101 1856 1225 1933 Nassau,

97 1979 162 2022 eum
176 1967 207 2022 et
222 1962 258 2022 de
272 1961 399 2022 adventu
417 1968 516 2023 nostro
535 1964 688 2023 certiorem
707 1962 837 2024 iacerent
856 1961 971 2036 etquid
992 1960 1067 2021 lucto
1082 1978 1154 2037 opus
1171 1980 1224 2039 pu·

94 2075 135 2143 ot,
151 2069 320 2129 ediscerent.
348 2070 511 2145 Injunotum
527 2085 640 2144 quoquo
655 2074 700 2128 est
714 2069 785 2142 illis,
802 2073 834 2128 nt
849 2069 960 2127 comitis
976 2067 1115 2129 Samuelis
1129 2069 1227 2128 memi-

97 2176 154 2236 int
177 2174 268 2234 Iidem
282 2176 400 2249 reversi,
418 2175 487 2249 quid
501 2170 607 2234 dixerit
621 2189 715 2233 comcs
730 2173 767 2233 de
782 2173 910 2248 Nassau,
926 2174 1097 2248 retulerunt,
1113 2189 1148 2233 ac
1157 2175 1225 2247 ojus

99 2283 164 2342 nine
183 2296 236 2341 nos
258 2281 297 2341 ad
316 2295 428 2341 coeuam
441 2281 609 2341 invitarunt.
638 2279 691 2340 ,Ac
708 2280 796 2355 paulo
818 2286 886 2356 post
903 2295 997 2341 comes
1018 2281 1081 2355 ipse
1099 2278 1224 2353 advenit,

102 2404 148 2449 urs
167 2387 323 2461 hospitium
343 2391 472 2446 nostrum
490 2386 643 2461 accedere,
667 2402 766 2445 verum
781 2401 848 2459 nos,
872 2392 904 2446 ut
919 2386 1027 2460 decuit,
1050 2385 1093 2444 illi
1112 2385 1225 2445 obuiam

104 2487 198 2555 icum
212 2493 243 2550 in
258 2491 373 2552 domum
387 2508 468 2551 suam
482 2493 610 2552 comitati
626 2508 732 2552 sumus.
761 2491 849 2565 Apud
863 2492 939 2550 hunc
952 2493 1059 2552 coeuati
1073 2496 1140 2550 sunt
1149 2489 1223 2550 Con·

106 2614 136 2658 na
150 2614 171 2656 a
184 2596 376 2671 Beumalborg
391 2613 478 2671 eques
494 2602 627 2671 auratus,
643 2597 762 2657 natione
778 2596 892 2671 cottus,
910 2598 1009 2670 junior
1022 2612 1116 2656 comas
1131 2597 1223 2656 Erno-

123 2721 143 2764 a
158 2702 267 2776 Solms,
287 2702 483 2763 Hurtnrannus
503 2700 739 2777 acrouenbmg‚
760 2701 905 2761 Adrianus
926 2720 944 2762 a
959 2703 1080 2762 Zertren
1093 2706 1124 2761 at
1138 2701 1228 2761 Wolff

111 2808 223 2884 tergi,
238 2824 328 2884 gener
341 2810 446 2884 equitis
461 2825 480 2868 a
494 2807 702 2882 Beumelbnrg,
718 2808 834 2868 comites
849 2825 868 2867 a
882 2807 1023 2870 Wuldcck
1038 2812 1169 2883 quatuor.

114 2915 299 2975 *obtulimus
318 2916 413 2975 comiti
432 2914 586 2975 wilhelmo
606 2914 718 2973 litteras
737 2912 845 2973 domini
863 2916 984 2975 senioris
1003 2912 1223 2987 aHannebnrg.

117 3021 219 3083 ulmus
233 3012 356 3095 ingenue
371 3024 401 3080 et
415 3018 567 3080 confitetur
579 3024 743 3080 attestatur
755 3035 882 3080 amorem
895 3021 1025 3081 veritatis
1041 3019 1223 3094 evangelicae.

138 3127 218 3186 Nota
234 3125 270 3187 de
284 3126 475 3186 Maximiliani
489 3125 526 3186 de
539 3126 655 3184 Beuren
669 3141 780 3200 mensa,
804 3126 843 3186 ad
858 3127 939 3200 cujus
958 3113 1046 3185 dnum
1065 3127 1141 3186 latus
1155 3127 1222 3184 mis·

128 3231 270 3293 celebrari
289 3229 414 3304 fecerat,
435 3236 466 3291 et
478 3231 509 3290 in
524 3229 624 3290 eodem
638 3231 702 3291 loco
718 3247 769 3290 sex
782 3230 873 3290 millia
887 3231 1032 3290 nummtlm
1047 3233 1111 3294 alea
1126 3228 1222 3303 perdi·

125 3382 134 3413 ,
149 3338 189 3398 ad
203 3337 324 3396 alterum
339 3337 415 3395 latus
430 3341 525 3396 scorto
539 3351 570 3394 se
583 3334 769 3394 immiscuisse
783 3340 813 3395 et
824 3337 889 3396 alea
900 3343 1025 3410 quatuor
1039 3337 1130 3396 millia
1143 3352 1224 3397 coro-

127 3460 184 3503 .·um
199 3457 384 3516 recuperasse
398 3442 538 3516 gloriatus
553 3443 599 3499 sit.

138 3547 241 3608 Comes
261 3548 414 3608 aNassaw
428 3552 488 3606 tom
502 3545 626 3608 fideliter
646 3546 803 3622 consuluit,
826 3563 862 3607 ne
878 3546 1055 3609 Coloniensis
1076 3566 1163 3609 causa
1177 3548 1224 3608 lnio

131 3653 271 3714 mm·
905 3658 909 3663 .

136 3758 340 3820 Fordinandus
373 3773 426 3818 rex
455 3764 486 3818 et
514 3759 629 3819 lllrious
653 3758 903 3833 wirtembergensis
936 3759 995 3819 dux
1023 3761 1101 3821 litem
1129 3766 1224 3820 conte·

138 3870 216 3926 sunt.

138 3971 340 4031 Potentissime
356 3969 445 4044 Deus,
461 3971 510 4044 qui
526 3970 604 4029 solus
618 3970 752 4029 Ecratori
767 3970 912 4046 potentior
927 3987 967 4042 es,
983 3970 1083 4044 mitiga
1097 3986 1147 4030 cor
1160 3971 1223 4044 ojus

146 4075 231 4139 uobis
244 4076 400 4136 subsistere
414 4093 449 4135 aa
461 4076 582 4135 nominis
594 4077 637 4134 tui
650 4078 771 4153 gloriam
782 4083 926 4150 expetere,
942 4091 995 4148 per
1012 4074 1158 4134 domiuum
1167 4082 1222 4137 ete.

142 4178 255 4244 'Adsunt
277 4180 414 4258 Augustae
437 4183 634 4244 &manorum
659 4183 818 4260 imperator
839 4187 869 4242 et
888 4196 956 4257 rex,
980 4179 1118 4244 electores
1139 4184 1223 4247 ambo
