2678 4546
706 39 752 96 24

142 235 239 292 causa,
254 218 357 291 inquit,
372 216 403 274 in
416 215 603 290 imperatoria
613 215 764 288 majestate
776 216 832 275 sita
844 221 898 277 est
930 212 1014 286 Quod
1024 213 1066 274 ad
1074 215 1239 281 electorem
1247 234 1311 297 rara,

141 326 165 384 si
181 341 228 384 res
243 324 284 383 ita
298 326 356 394 est,
378 328 412 382 ut
427 320 463 381 de
482 322 528 380 his
541 322 617 380 inter
631 336 681 380 vos
695 325 851 396 tractetur,
875 321 943 382 date
958 337 1078 396 operam
1094 329 1132 384 nt
1147 323 1310 389 Coloni&

140 429 222 490 vobis
236 429 343 488 amicus
362 426 511 487 reddatur.
551 424 657 485 Postea
671 427 696 484 si
711 426 781 500 quid
799 426 839 485 ad
858 427 1072 487 exeusationem
1089 432 1187 490 vestri
1205 432 1308 507 bam,

140 533 259 596 oondlio
273 533 416 608 imperiali
429 530 538 592 offerte.
576 531 633 591 Ubi
648 548 735 591 causa
753 532 792 592 ad
811 549 864 592 nos
887 532 1022 592 devoluta
1040 529 1154 611 luerit,
1179 553 1235 613 ego
1247 538 1307 599 drbo

141 654 268 714 operam,
284 642 317 697 ιιι
331 637 369 697 ad
381 640 583 710 imperatorem
596 635 755 710 deferatur,
771 641 801 696 et
811 638 837 696 si
851 636 1000 712 quidboni
1013 638 1070 697 bae
1083 640 1117 699 in
1131 657 1170 702 re
1183 648 1304 716 premet

141 760 253 819 queam,
269 745 413 818 experiar.
443 743 516 803 Tum
530 740 680 802 Liberius:
695 743 944 802 Reverendissime
957 744 1077 818 praesul,
1092 746 1219 807 comitas
1230 747 1303 807 mni

141 858 281 911 nonsart
295 865 395 910 earum
408 847 585 922 facultatum,
602 855 634 908 ιιι
648 849 695 907 hic
708 849 808 923 longas
822 865 919 908 moras
932 855 1049 910 nectere
1064 858 1190 924 queant
1228 856 1303 929 Quen

141 963 243 1034 petunt
255 955 497 1017 reverendissima
507 954 545 1013 D.
557 954 593 1012 V.
609 954 686 1025 apud
700 969 854 1015 waaream
864 957 1046 1030 majestatem
1059 961 1215 1032 negotium
1229 965 1300 1021 nale

141 1080 208 1124 rare
222 1065 365 1138 dignetur.
402 1057 451 1119 Ad
465 1058 527 1117 hac
540 1057 753 1134 Atrebatemis,
773 1062 855 1132 quasi
869 1060 1095 1138 subiracundus,
1110 1080 1175 1125 non
1189 1067 1301 1136 arbitrm

140 1170 243 1243 inquit,
254 1181 408 1241 generosos
423 1166 539 1224 comites
553 1165 704 1224 rebellioni
719 1167 926 1226 contumaciam
936 1152 1096 1242 adjungere
1105 1170 1196 1246 vella,
1210 1176 1243 1232 nt
1252 1176 1301 1231 ult
1329 1232 1331 1239 ,

142 1288 312 1348 responsum
326 1271 481 1331 insalutato
496 1270 611 1330 cesare
625 1269 741 1330 abeant.
764 1272 856 1346 Igitur
871 1271 1007 1332 Liberius
1021 1274 1197 1347 petitionem
1209 1274 1300 1335 iterari
1327 1308 1331 1343 2

141 1384 171 1438 et
191 1376 392 1437 attrebatensis
413 1392 449 1436 ex
470 1377 593 1452 hospitio
620 1377 716 1436 exivit.
762 1377 942 1437 Waldeciani
967 1377 1126 1452 hospitium
1147 1378 1299 1441 mnrobitrb
1326 1414 1331 1449 ς

141 1483 275 1543 electoris
296 1481 409 1557 adiere,
437 1481 555 1542 siforte
575 1483 728 1543 electorem
747 1483 912 1556 alloquendi
933 1482 1016 1543 nobis
1035 1485 1121 1558 copia
1139 1483 1243 1561 fimet,
1264 1480 1299 1545 stt
1324 1518 1331 1553 ε

140 1587 237 1649 nullus
252 1591 409 1651 audoorum
428 1605 582 1665 procerum
596 1588 711 1663 oderat,
733 1588 783 1662 qui
798 1594 926 1650 nostram
941 1589 1127 1663 praesentiam
1141 1591 1258 1653 electori
1267 1591 1297 1649 ie
1322 1626 1331 1659 ,·

142 1693 240 1755 dicare
253 1700 361 1769 posset.
1323 1752 1331 1763 ,

232 1800 333 1861 comes
352 1799 514 1874 aNassau,
540 1800 617 1873 quod
630 1800 717 1859 variis
732 1801 855 1875 negotiis
873 1801 1109 1874 occupatissimus
1131 1806 1225 1876 esset,
1243 1794 1297 1861 edin'
1322 1832 1331 1861 ·.

141 1912 332 1982 conpeteret.
355 1905 657 1982 Reperimusindomo
665 1904 863 1967 Atrebatemis
875 1907 1021 1966 doctorem
1029 1902 1296 1980 Philippensem
1319 1938 1331 1973 r

231 2010 420 2070 Wendelinus
433 2016 463 2071 et
471 2011 575 2070 Florus
586 2010 767 2070 archiducem
775 2011 1003 2071 Maximiliannm
1011 2010 1197 2071 dominorum
1208 2010 1296 2073 nomi!
1318 2042 1331 2081 ς

143 2132 228 2176 orare
242 2116 386 2191 volebant,
401 2122 435 2176 ut
444 2116 522 2190 apud
534 2132 633 2191 regem
644 2121 757 2192 patrem
769 2118 861 2176 nostri
872 2116 1027 2176 clementer
1039 2117 1208 2178 meminisse
1220 2117 1294 2190 dign
1317 2148 1331 2187 q

143 2227 238 2296 retur,
254 2221 515 2280 verumisinloco
530 2221 715 2282 coneiliinon
730 2221 841 2281 aderat.
1319 2282 1331 2293 ,

231 2325 342 2386 Eadem
360 2341 434 2384 uuus
454 2331 484 2385 et
503 2326 577 2386 alter
599 2327 702 2385 civium
720 2326 859 2400 Auguste
878 2344 931 2404 per
945 2327 1104 2388 Henricum
1119 2325 1293 2391 smackert

143 2434 201 2492 situ
222 2432 326 2492 montis
348 2432 485 2506 Isenberg
507 2437 537 2491 et
559 2432 676 2492 mineris
699 2434 764 2492 auri
786 2433 863 2493 amca
885 2431 1075 2493 Gorbachium
1102 2433 1293 2510 diffindens

142 2539 278 2600 mmcitati
300 2542 380 2612 sunt,
402 2540 499 2599 conati
519 2538 666 2599 nobiseum
680 2537 889 2599 oooffitionibus
907 2555 1011 2613 agere,
1036 2555 1137 2598 verum
1160 2542 1231 2614 quia
1247 2534 1292 2599 nt'l'
1313 2568 1331 2605 ι

142 2651 286 2720 praesente
300 2660 369 2703 urso
383 2645 493 2704 catulos
509 2642 660 2704 ostendere
679 2646 774 2704 minus
791 2645 951 2705 consultum
964 2643 1132 2721 videbatur,
1156 2646 1235 2708 bona
1246 2644 1291 2705 M

143 2748 232 2807 verba
247 2764 296 2807 eos
311 2753 377 2821 post
395 2763 506 2807 meuses
522 2749 647 2822 aliquot,
671 2749 696 2807 si
711 2748 780 2822 quid
795 2750 935 2822 ejusmodi
955 2757 1106 2825 cuperent,
1131 2753 1162 2811 in
1183 2750 1291 2813 colliditl
1311 2778 1331 2817 ι

143 2859 243 2912 nostro
259 2867 389 2924 querere
409 2868 461 2911 nos
473 2850 651 2924 jubebamus.
1312 2894 1331 2907 .

233 2956 418 3016 Sebastianus
433 2956 507 3016 Mall
521 2958 684 3031 quingentis
699 2960 794 3019 aureis
809 2976 827 3019 a
841 2959 1025 3019 Ferdinando
1040 2976 1111 3036 rege
1127 2962 1249 3023 donatus
1258 2964 1290 3021 οι
1309 2988 1331 3027 ε

144 3061 239 3122 Probe
254 3063 343 3121 ethis
358 3066 443 3121 notas
464 3068 527 3121 erat
543 3062 624 3121 Hans
639 3063 730 3124 Krall.
769 3066 844 3123 Nam
863 3065 893 3123 hi
913 3070 982 3125 ante
1001 3081 1094 3126 annos
1113 3067 1227 3142 aliquot
1238 3058 1290 3143 aad
1308 3096 1331 3133 ε

144 3184 196 3228 nos
211 3170 241 3229 in
256 3184 324 3228 arce
339 3172 438 3227 nostra
453 3166 593 3242 Isenberg
607 3172 699 3228 erant.
1309 3228 1327 3237 ,,

233 3272 356 3347 Eadem,
377 3271 445 3331 dum
460 3289 478 3333 a
492 3290 576 3334 coena
589 3280 700 3348 partem
724 3275 802 3335 urbis
825 3291 889 3334 cura
908 3275 1054 3335 sodalibus
1069 3277 1143 3336 meis
1157 3273 1289 3339 obruto
1306 3302 1331 3341 ι

143 3379 220 3439 torte
240 3378 370 3449 ιιιιιιιιιιι
389 3394 420 3437 se
435 3379 517 3440 nobis
531 3382 601 3440 civis
621 3382 738 3455 quidam
760 3380 948 3455 grandevus,
972 3383 1018 3440 cui
1041 3383 1180 3456 magister
1203 3381 1290 3459 vigi!
1306 3408 1331 3449 ι

144 3485 239 3544 claves
261 3488 353 3557 portae
375 3486 601 3559 commendarat,
626 3503 690 3546 oum
711 3501 768 3559 quo
791 3486 871 3546 varia
893 3487 929 3545 de
948 3488 1028 3547 urbis
1045 3486 1187 3561 Augusta
1207 3485 1289 3565 polim
1306 3514 1331 3553 ι

144 3588 348 3648 munitionibus
363 3596 417 3650 etc.
439 3591 618 3651 contulimus.
656 3592 756 3666 aquo
777 3608 840 3649 cnm
860 3593 936 3651 inter
955 3590 1141 3652 fabulandum
1160 3594 1198 3654 do
1212 3584 1323 3669 duffii·

145 3710 227 3753 maro
242 3694 499 3769 interrogaremus,
520 3697 594 3756 hanc
608 3699 670 3770 ejus
689 3698 732 3756 rei
746 3699 886 3756 rationem
900 3697 1004 3757 reddit.
1043 3698 1205 3772 Augustam
1305 3704 1331 3767 ἰ

145 3817 209 3861 ease
224 3800 381 3874 antiquam,
398 3817 462 3874 quae
474 3802 550 3862 inter
562 3805 664 3876 exigua
676 3803 769 3877 spatia
781 3805 840 3862 suis
854 3803 967 3862 moeuiis
980 3809 1009 3862 et
1021 3805 1113 3878 portis
1124 3807 1220 3866 cincta
1232 3800 1290 3863 end
1306 3828 1331 3855 »a

144 3914 178 3966 ut
191 3909 306 3982 ipsimet
315 3906 486 3980 videremus,
502 3911 531 3965 et
545 3908 621 3967 hanc
635 3909 701 3968 olim
718 3907 848 3969 coenobio
861 3908 896 3966 D.
908 3908 998 3969 Ulrici
1013 3908 1155 3970 dominico
1168 3909 1269 3984 tempo
1307 3938 1331 3975 r-

146 4012 210 4071 aliis
225 4013 424 4073 ecclmiasticis
446 4012 639 4073 mansionibus
660 4020 835 4087 occupatam.
873 4013 914 4073 Ut
928 4014 1077 4088 episcopus
1097 4016 1153 4074 loci
1176 4012 1274 4075 omna'
1307 4040 1331 4083 a·

147 4116 203 4177 sibi
215 4119 246 4177 ia
261 4134 324 4180 eam
338 4133 478 4194 usurpare
493 4124 612 4179 conatus
625 4125 656 4180 et
669 4120 791 4181 mamma
804 4118 956 4180 claudendi
970 4126 1078 4196 portas,
1093 4122 1144 4183 ubi
1159 4128 1190 4183 et
1203 4139 1224 4199 q
1308 4144 1314 4184 ι
