2678 4546
618 39 682 96 tw

60 229 133 272 mus.
166 211 326 273 Gunverat
343 218 438 271 auum
458 211 574 272 domina
595 213 729 288 princeps
750 214 867 274 verbum
888 216 994 274 domini
1011 218 1064 277 sibi
1080 223 1109 274 et
1124 216 1238 277 familia

61 334 113 394 per
135 318 324 377 ecclesiasten
346 318 424 377 urbis
445 317 621 390 Augustanae
643 321 825 394 annuntiari,
850 323 898 394 qui
927 338 962 380 ex
985 339 1047 396 esp.
1074 326 1091 379 3
1115 322 1238 382 loannis

63 441 126 482 eum
145 428 270 497 textum,
293 423 344 497 qui
364 422 411 482 die
434 423 586 482 Trinitatis
601 424 727 498 praelegi
747 425 821 484 solet
839 426 980 499 ecelesia,
1005 428 1238 503 christianissime

64 530 209 603 exposuit,
233 529 366 601 inquiens
387 530 463 587 inter
485 535 595 588 cetera:
625 531 749 588 Verbum
772 531 878 590 domini
903 533 1030 605 quotidie
1054 534 1185 593 audimus
1208 540 1237 592 et

63 635 92 693 id
110 651 165 707 per
187 634 309 701 multum
325 634 387 706 jam
408 639 531 709 tempus,
555 634 607 694 sed
629 636 698 693 nihil
712 642 855 708 praeterea
879 637 1037 710 cogitamus
1055 638 1091 697 de
1114 655 1234 698 renora-

62 741 138 800 tione
154 741 222 800 vitae
242 746 272 799 ot
290 739 466 813 aspiratione
485 740 569 813 huius
589 742 677 799 venti.
708 742 852 800 hlutemus
872 742 960 815 igitur
980 742 1135 815 aliqnando
1153 744 1234 803 insti-

62 850 153 904 tutum
168 845 245 904 vita.
275 845 351 904 Nam
366 845 448 919 sicut,
463 846 565 919 inquit
582 843 670 904 iacies
685 851 737 906 tua
751 846 835 907 modo
851 847 991 920 pallescit,
1015 863 1089 905 nunc
1103 848 1236 907 rubicun-

62 951 123 1011 dior
137 949 182 1024 fit,
206 951 232 1008 si
246 953 333 1009 vento
348 947 471 1023 affletur,
495 951 538 1008 ita
551 965 631 1009 mens
651 957 751 1010 nostra
766 951 861 1010 subito
877 951 901 1009 si
916 951 953 1011 ab
968 952 1023 1010 hoc
1037 969 1060 1010 s.
1077 954 1179 1025 spiritu
1193 953 1235 1013 af·

10 1035 13 1055 ’
62 1055 173 1130 demur,
196 1056 350 1115 innovatur
371 1060 425 1114 etc.
438 1055 546 1118 „tussit
565 1073 680 1130 quoque
700 1058 757 1115 m'm
777 1058 916 1117 orationis
936 1058 1048 1130 piorum
1071 1059 1233 1118 considere·

61 1178 136 1235 mus,
160 1160 308 1220 addacem
331 1160 491 1233 exemplum
511 1161 599 1233 Ehe,
623 1163 704 1235 eujus
724 1163 807 1220 unius
827 1162 960 1236 precibus
982 1162 1084 1220 ooelmn
1108 1164 1233 1223 clausum

61 1274 104 1327 est
118 1273 149 1326 et
164 1283 267 1326 rursus
281 1267 379 1340 pluria
397 1266 558 1340 descendit,
583 1273 615 1326 ut
634 1268 758 1339 inlibris
773 1285 873 1341 regum
888 1268 987 1326 uidere
1006 1274 1058 1327 est.

147 1373 238 1447 Apud
257 1371 466 1446 landtgravium
487 1371 609 1432 aderant
627 1372 797 1433 wilhelmus
813 1391 830 1432 a
845 1375 968 1446 Nassau,
994 1373 1061 1431 Otto
1082 1373 1231 1432 aSchom·

61 1479 133 1554 berg
151 1478 362 1552 archiepiscopi
382 1476 560 1536 Coloniensis
579 1476 683 1551 frater,
709 1477 858 1538 Comedus
880 1497 897 1538 a
917 1480 1074 1552 Bonebmg
1094 1495 1182 1552 eques
1203 1485 1233 1539 et

61 1584 242 1645 Waldeoiani
263 1588 396 1657 quatuor.
438 1582 540 1643 Comes
555 1583 724 1642 Wilhehnus
745 1583 817 1642 dixit
832 1601 884 1643 nos
899 1585 928 1643 in
943 1587 1098 1643 crastinum
1114 1600 1133 1642 a
1148 1583 1231 1643 Colo·

62 1691 154 1749 aiensi
167 1691 305 1748 inritatos
319 1689 365 1767 iri,
382 1688 458 1763 quod
473 1704 526 1748 nec
539 1693 646 1762 metuo,
663 1704 716 1747 nec
730 1694 807 1761 opto.

149 1795 272 1870 Experti
286 1811 384 1853 sumus
398 1795 429 1853 in
443 1793 498 1853 hoc
513 1796 575 1869 ipso
591 1794 735 1866 condrio,
756 1810 840 1867 quam
863 1794 952 1866 probe
969 1794 1084 1853 domina
1099 1793 1232 1869 princeps

62 1899 239 1961 anonnulhs
253 1899 343 1959 fuerit
355 1902 505 1974 instructa,
521 1905 554 1958 ut
567 1898 628 1958 fere
644 1899 807 1958 Coloniensi
821 1900 1020 1958 subscriberet.

149 2006 260 2066 Eadem
275 2005 304 2065 d.
325 2007 457 2080 princeps
476 2005 617 2065 Joannem
638 2003 755 2064 fratrem
780 2011 908 2064 nostrum
930 2006 967 2064 ad
989 2005 1088 2064 ducem
1104 2005 1233 2065 Frideri·

62 2129 123 2172 cnm
139 2113 295 2173 electorem
310 2112 400 2185 misit,
422 2112 455 2170 ut
470 2127 533 2170 earn
549 2116 711 2183 excusaret,
734 2111 811 2183 quod
826 2112 963 2170 haetenus
979 2112 1058 2169 illum
1074 2128 1132 2171 non
1146 2109 1233 2171 luerit

61 2220 203 2293 allocuta,
226 2217 409 2291 pretendens
432 2215 509 2290 quod
528 2217 681 2275 nesciverit
696 2232 734 2274 an
748 2217 785 2275 cb
806 2219 920 2276 caesaris
935 2215 1153 2291 promerendam
1167 2235 1232 2291 gra·

60 2327 129 2384 tiam
150 2324 303 2398 adipsum
323 2323 419 2382 aditus
440 2339 478 2381 an
499 2337 581 2381 secus
604 2323 808 2381 incommodior
832 2320 933 2382 fuisset
955 2330 1009 2382 etc.
1048 2323 1165 2407 Elector
1187 2341 1233 2383 re·

61 2430 185 2504 spondit,
200 2429 272 2487 nihil
286 2419 412 2500 reterre3
435 2430 508 2486 scire
523 2428 703 2486 clementiam
719 2444 807 2501 suam,
828 2429 930 2500 inquo
946 2433 1022 2487 statu
1036 2446 1083 2486 res
1099 2445 1158 2487 suae
1175 2430 1233 2488 sint

61 2543 113 2596 etc.
138 2535 209 2596 Cum
224 2534 510 2608 multiquererentur
525 2533 641 2592 nimium
655 2534 815 2592 cunctando
830 2549 883 2605 per
898 2533 1006 2591 aulicos
1018 2533 1131 2591 caesaris
1146 2534 1233 2591 mole·

60 2642 139 2701 stari.
179 2643 317 2701 Inventus
337 2641 449 2712 estqui
469 2645 535 2699 anto
559 2655 670 2699 menses
696 2639 793 2698 decem
813 2638 928 2696 casaris
953 2654 1121 2696 consensum
1145 2646 1233 2712 super

60 2748 206 2809 nonnullis
230 2743 433 2806 donationibus
455 2744 626 2819 Noribergae
646 2749 793 2804 assecutus
813 2721 891 2816 erat,
916 2742 966 2801 sed
987 2744 1017 2801 in
1042 2743 1118 2803 hunc
1142 2761 1231 2817 usque

60 2855 134 2914 diem
148 2852 387 2926 subscriptionem
401 2851 508 2910 habore
522 2864 580 2909 non
595 2851 698 2923 potuit.

147 2960 226 3019 Baro
240 2956 277 3016 de
291 2954 380 3029 Blaw,
396 2972 481 3030 quem
495 2959 587 3014 mater
602 2955 758 3028 legitimum
775 2972 837 3014 esse
852 2958 986 3030 negabat,
1002 2955 1040 3014 ad
1056 2954 1130 3014 diem
1137 2956 1229 3014 Vene-

58 3069 99 3126 ris
113 3071 168 3125 aut
179 3063 292 3124 sabbati
307 3063 436 3135 elapsum
450 3062 505 3119 huc
521 3061 649 3136 captivus
665 3059 805 3120 adductus
821 3067 873 3134 est,
885 3067 929 3143 stt
943 3062 1060 3121 timetur
1075 3060 1117 3118 illi
1132 3077 1150 3119 a
1165 3078 1231 3136 sup-

57 3172 145 3247 phcio
162 3170 274 3245 capitis.

147 3274 258 3334 Eadem
278 3292 296 3335 a
315 3275 437 3348 prandio
452 3274 601 3347 Philippus
622 3289 697 3331 romr
717 3271 768 3330 der
783 3271 897 3329 Brucke
913 3269 1025 3329 Livonii
1046 3271 1231 3344 magistratus

58 3384 173 3458 legatus
187 3380 307 3439 Interim
321 3381 424 3438 mentm
438 3380 513 3437 illins
529 3379 610 3438 nobis
625 3379 735 3450 copiam
750 3375 825 3435 fecit.

148 3487 236 3560 xxviij
252 3486 325 3561 Maji
346 3485 373 3544 d.
395 3485 551 3559 principem
570 3484 645 3542 inter
667 3487 685 3540 4
708 3489 737 3541 et
758 3483 775 3538 5
797 3482 883 3540 horas
903 3498 986 3539 mane
1006 3484 1068 3555 ejus
1088 3483 1145 3542 diei
1166 3499 1232 3542 con-

58 3595 187 3654 venimus
203 3608 237 3651 ac
252 3608 315 3651 eam
329 3592 393 3650 Deo
408 3606 460 3648 nos
482 3605 541 3648 suae
561 3590 662 3662 gratiae
685 3605 738 3662 pro
759 3604 839 3655 moro
861 3588 1091 3648 commendantes
1113 3605 1147 3646 ac
1169 3605 1231 3648 eam

57 3698 108 3758 ubi
122 3698 354 3759 valedixeramua
369 3696 406 3756 ad
425 3696 584 3755 vehiculum
604 3694 798 3771 perduximus.
839 3693 1012 3751 Corroboret
1033 3694 1163 3752 dominus
1183 3710 1233 3751 cor

29 3807 148 3883 ·ipsius
163 3808 193 3862 et
209 3803 361 3862 Christinae
381 3818 441 3860 suae
461 3806 584 3860 mentem
606 3799 789 3857 christianam
812 3798 995 3872 impartiatur
1017 3801 1127 3870 iterque
1151 3813 1232 3855 suum

54 3913 131 3973 bene
144 3909 283 3970 fortunet.
308 3906 463 3990 Comedus·
475 3923 494 3966 a
508 3904 678 3980 Beyncherg
697 3920 784 3977 eques
803 3909 922 3962 auratus
942 3905 1033 3976 ipsam
1049 3903 1162 3961 bimam
1183 3902 1232 3961 de-

56 4018 148 4078 duxit.

144 4119 262 4182 Deinde
285 4120 316 4179 iu
337 4118 446 4195 templo
465 4116 596 4177 Mauritii
616 4116 644 4178 d.
660 4117 787 4177 loannes
810 4115 961 4175 Heinrieus
982 4130 1018 4173 ex
1041 4129 1103 4188 cap.
1131 4115 1168 4173 13
1194 4113 1232 4175 ad
1330 4130 1334 4137 ’
