2678 4546
621 55 684 124 idi

66 244 142 303 trina
155 242 237 317 viget
249 248 281 303 et
293 238 405 301 fructus
420 255 521 300 eorum
539 241 570 299 iu
589 239 705 299 climata
724 237 802 298 orbis
816 244 962 297 terrarum
982 241 1115 299 universa
1130 241 1235 315 germi-

66 353 144 409 nant.
174 347 216 409 Et
229 352 263 407 ιι
275 347 350 407 Elio
368 350 500 421 tempore
515 345 586 405 deus
606 345 661 405 sibi
681 344 776 404 adbuc
796 347 956 405 reservavit
975 352 1084 419 septem
1103 347 1192 405 millia
1206 348 1237 406 iu

66 454 164 529 Israel,
181 454 230 528 qui
244 469 340 528 genua
353 468 451 511 coram
463 450 537 511 Baal
556 466 615 510 non
628 448 784 525 flexerant,
805 453 847 509 ita
870 458 901 509 ιι
914 450 968 511 hac
983 458 1069 511 aetate
1083 453 1160 512 bona
1182 469 1235 511 uos

66 573 130 631 spes
143 564 245 620 manet
260 555 272 594 ¹
286 559 400 632 aliquos
414 556 507 617 adhuc
529 571 679 630 superesse
695 556 875 615 christianos.
913 558 1040 617 Necesse
1054 564 1099 618 ιιι
1113 559 1190 617 euim
1205 566 1238 618 ut

64 679 128 723 ιιιιι
143 662 276 724 Christus
290 663 410 739 venerit,
425 664 552 737 aliquam
566 662 660 722 adhuc
674 660 761 721 fidem
775 662 916 733 reliquam
930 661 1066 721 futurum,
1091 663 1145 737 Qui
1160 665 1236 723 euim

65 766 148 830 ieret
160 770 285 830 Paulum
299 770 408 829 dicere:
430 769 492 828 Nos
512 770 563 843 qui
576 769 681 841 reliqui
696 768 811 841 erimus,
828 785 886 827 non
900 771 1107 842 preveniemus
1122 786 1172 829 ιιι
1187 772 1237 843 qui

64 874 234 951 dormiunt,·
249 875 303 935 sed
315 876 423 935 mortui
436 875 665 947 suscitabuntur,
681 890 735 933 nos
750 890 819 932 vero
835 873 1047 933 immutabimur
1062 878 1170 933 etcum
1184 874 1235 934 do·

63 982 140 1040 mino
154 982 304 1055 rapiemur
316 981 349 1041 iu
361 997 432 1040 aera
445 986 499 1040 etc.
538 979 611 1039 Item
625 978 757 1039 Christus
773 980 854 1039 dicit:
872 979 930 1039 Ubi
947 980 1003 1038 duo
1020 987 1104 1038 erunt
1118 981 1149 1039 iu
1164 996 1235 1054 agro

64 1102 130 1160 uua,
147 1102 224 1145 uuus
238 1092 399 1147 assumetur
414 1091 444 1145 et
457 1087 533 1146 alter
545 1086 725 1161 relinquetur
740 1091 794 1145 etc.
825 1085 952 1144 Locutus
968 1091 1012 1145 est
1026 1092 1122 1145 autem
1138 1085 1175 1145 de
1189 1086 1234 1145 his

63 1190 150 1251 rebus
164 1198 196 1251 ιι
209 1192 265 1251 ιιι
279 1188 374 1250 nucu
388 1192 548 1265 apostolico
562 1196 592 1251 et
606 1190 750 1266 quomodo
770 1197 916 1265 utcunque
936 1192 1119 1252 sevientibus
1133 1197 1234 1264 tyran-

64 1297 105 1356 nis
121 1297 214 1357 deleri
229 1313 289 1357 uon
302 1303 417 1371 queant.
455 1298 501 1357 Ea
519 1298 636 1371 spiritus
656 1299 751 1371 gratia
772 1302 806 1357 ut
819 1298 875 1371 piis
889 1297 979 1356 corda
993 1313 1053 1371 prae
1069 1297 1170 1357 letitia
1184 1313 1233 1371 ge·

63 1402 132 1461 stire
146 1402 212 1462 visa
226 1402 293 1478 siut,
309 1404 347 1463 de
361 1418 396 1462 ιι
410 1410 507 1463 autem
522 1404 601 1476 quod
616 1403 746 1463 Christus
767 1404 823 1462 ait:
847 1402 1010 1477 »Quicquid
1025 1405 1167 1477 petieritis
1182 1420 1233 1478 pa-

63 1511 137 1567 trem
151 1508 184 1566 in
198 1508 314 1567 nomine
327 1524 400 1583 mee,
417 1508 500 1569 dabit
513 1509 630 1582 vobis«,
646 1510 687 1567 ait
701 1525 732 1567 se
748 1509 887 1583 proximis
903 1509 1087 1567 concionibus
1103 1511 1173 1569 satis
1189 1526 1235 1569 su·

63 1627 173 1686 perque
187 1613 327 1673 docuisse.
364 1614 430 1673 Huc
451 1620 549 1674 autem
563 1615 647 1675 nobis
663 1612 886 1686 respiciendum,
911 1619 943 1672 ιι
962 1616 993 1673 in
1008 1616 1191 1675 observantia
1206 1622 1236 1674 et

66 1732 205 1779 consensu
227 1719 375 1779 electionis
395 1719 502 1779 Christi
520 1727 740 1795 perseverantes
763 1719 873 1777 animos
896 1725 1010 1778 nostros
1025 1721 1055 1778 in
1069 1722 1235 1795 promissio-

66 1839 114 1883 ιιι
129 1822 238 1885 climati
252 1822 373 1899 ligamus
388 1830 418 1885 ιι
432 1841 547 1884 cremus
558 1827 643 1898 jnxta
659 1826 835 1883 voluntatem
850 1824 971 1897 Christi;
988 1832 1049 1883 tum
1064 1827 1138 1885 cuim
1153 1840 1235 1883 uosa

68 1934 146 2001 patre
159 1931 310 1991 exauditos
324 1930 375 2005 iri,
393 1947 446 1991 nec
459 1947 532 2006 opus
547 1947 610 1991 esse
625 1931 671 1989 hic
686 1930 837 1988 sollicitum
853 1945 915 1987 esse
931 1929 967 1989 de
983 1931 1164 1990 invocatione
1178 1931 1233 1989 ali-

69 2050 144 2095 orum
158 2041 356 2111 ιιιιιιιιιιι,
371 2043 422 2096 ιιι
437 2036 473 2096 de
487 2036 543 2095 hac
557 2053 589 2095 re
604 2035 751 2109 disputare
775 2052 808 2094 ac
824 2052 923 2094 corum
940 2035 1069 2094 oratione
1084 2053 1138 2111 per
1155 2034 1235 2095 Chri·

10 2188 12 2197 .
69 2146 138 2203 stum
152 2141 236 2202 nobis
249 2142 419 2217 praescripta
429 2143 493 2201 luce
505 2143 610 2201 clarius
621 2144 738 2217 liqueat,
754 2143 792 2202 ad
807 2160 892 2215 quem
907 2158 992 2201 orare
1007 2142 1120 2215 etquid
1135 2149 1235 2217 pctore

10 2308 14 2329 ,Ι
70 2246 227 2308 debeamus.
265 2247 344 2307 Idem
359 2247 499 2322 dominus,
514 2263 567 2306 rex
582 2252 611 2306 ιι
630 2246 770 2307 liberator
793 2253 892 2308 noster
906 2247 992 2308 Jesus
1009 2248 1140 2307 Christus
1156 2264 1235 2307 mens

69 2353 193 2429 etimago
201 2354 294 2427 patris
303 2352 486 2427 ejusdemque
495 2350 677 2411 filiusuuicus
685 2361 714 2412 et
723 2353 852 2428 dilectus,
867 2355 926 2427 qui,
939 2370 1002 2412 cum
1008 2356 1131 2428 ipsamet
1137 2354 1175 2414 sit
1185 2370 1234 2414 ve·

14 2486 18 2493 ·
70 2456 143 2532 ήιιι,
159 2463 190 2518 ιι
202 2474 272 2518 uere
293 2457 366 2518 dixit
378 2456 501 2518 fructum
516 2460 711 2531 apostolorum
726 2476 892 2518 mansurum
907 2464 936 2518 et
955 2459 1094 2518 hactenns
1109 2457 1234 2516 fructum

71 2564 251 2637 apostolicum
262 2569 478 2637 permanentem
492 2566 717 2638 conservaritis
730 2565 812 2624 nobis
828 2571 857 2624 ιι
869 2565 977 2623 auxilio
988 2571 1016 2622 et
1027 2564 1161 2636 praesidio
1172 2577 1235 2620 esse

70 2669 141 2743 velit,
152 2674 187 2729 ut
194 2668 273 2729 huuc
284 2686 365 2745 purae
376 2669 513 2730 doctrinae
522 2668 645 2729 fructum
654 2670 822 2728 inconcussa
837 2668 894 2728 fide
905 2675 934 2727 et
943 2669 1083 2728 charitate
1092 2684 1183 2740 usque
1197 2667 1236 2726 ad

70 2779 221 2833 ιιιιιιιιιιι
235 2776 303 2833 vitae
316 2775 437 2834 halitum
450 2776 666 2849 persentiamus,
678 2776 718 2833 nil
729 2776 877 2834 conterriti
891 2781 935 2835 tot
949 2780 1138 2848 tyrannorum
1152 2774 1236 2831 minis

70 2882 96 2935 ιι
114 2878 362 2955 persecutionibus
384 2896 419 2941 ac
438 2896 475 2939 ue
496 2882 625 2956 priorum
647 2882 794 2941 doctorum
821 2882 1024 2940 traditionibus
1046 2897 1099 2941 noc
1122 2896 1235 2955 quoque

68 2980 264 3046 hereticorum
284 2986 431 3046 erroribus
460 2986 643 3062 seducamur,
668 3004 725 3059 qno
751 2987 921 3046 adveniente
946 2990 1009 3062 ipso
1032 2988 1147 3046 domiuo
1172 3002 1235 3045 cum

69 3093 167 3151 ceteris
182 3092 282 3152 electis
298 3093 356 3168 ipsi
370 3092 483 3152 obviam
497 3094 644 3167 rapiamur
658 3093 688 3150 in
704 3109 789 3167 aera,
814 3095 859 3151 cui
873 3109 949 3152 nunc
964 3099 993 3152 et
1014 3094 1044 3151 in
1067 3098 1236 3167 perpetuum

66 3212 127 3256 cum
140 3196 195 3259 deo
209 3203 294 3273 patre
308 3202 339 3258 ιι
352 3215 376 3257 ι.
392 3198 496 3272 spiritu
510 3199 601 3257 omnis
617 3198 654 3256 sit
668 3197 776 3272 honor,
792 3200 855 3258 lans
870 3206 899 3257 ιι
914 3199 1015 3273 gloria,
1047 3195 1148 3255 Amen.

149 3302 261 3363 Eadem
279 3305 506 3379 comparavimus
525 3302 608 3362 nobis
626 3303 715 3362 libros
739 3302 810 3361 duos
825 3305 1024 3377 aenigmatum,
1049 3318 1120 3374 quos
1135 3300 1233 3360 Hada-

67 3410 170 3469 uarius
189 3413 220 3468 et
233 3408 389 3484 collegerat
403 3415 433 3469 et
447 3409 573 3468 carmine
587 3408 768 3483 reddiderat,
793 3424 845 3481 pro
866 3407 977 3469 duobus
999 3408 1099 3467 bacris,
1139 3407 1235 3467 Unum

67 3509 231 3587 Etzdorl'fio,
247 3514 370 3573 alterum
385 3514 511 3574 Samueli
527 3516 625 3589 nepoti
640 3513 715 3573 dono
730 3513 867 3573 dedimus.

149 3616 301 3679 Liberium
322 3619 362 3679 ad
377 3619 508 3693 Saldum,
534 3619 732 3692 Milcblingum
752 3619 791 3678 ad
805 3618 985 3678 Luderitium
1012 3620 1152 3691 misimus,
1184 3616 1234 3675 sed

48 3723 145 3785 erube
160 3724 247 3803 domo
261 3722 424 3785 abfuerant.
463 3724 577 3785 Samuel
596 3740 686 3797 nepos
710 3724 788 3796 apud
802 3724 971 3784 Anaxonem
987 3741 1051 3781 cum
1066 3720 1236 3795 quibusdam

66 3828 234 3891 electoribus
249 3833 380 3889 coeuatus
395 3835 448 3889 ιιι.
1139 3826 1143 3831 ’

148 3932 287 3995 Litorius
300 3934 424 3997 luxuriat
438 3952 499 3996 ιιιι
513 3936 620 3995 illicitae
635 3936 841 4009 heteroclytum
856 3951 969 4008 quoquc
986 3937 1072 4005 caput
1086 3929 1206 3989 addidit.

641 4058 656 4091 *

131 4145 146 4193 1
165 4142 277 4193 monet?

104 4245 219 4291 waldcck.
983 4235 1020 4290 ll
