2678 4546
683 40 728 104 84

119 223 172 283 sub
186 223 291 297 pedum
314 221 460 295 pastorale
482 224 636 292 revocant,
660 219 716 277 illis
734 225 846 292 patrem
866 223 1013 292 pastorum
1033 217 1179 278 Christum
1201 218 1292 292 digito

121 329 359 401 demonstrantes,
383 343 420 385 ue
440 325 519 398 Argo
539 327 628 383 multo
650 324 791 383 oculatior
813 330 842 381 et
861 340 983 395 nequam
1006 324 1125 396 spiritus
1140 339 1194 380 uos
1216 324 1294 382 inter

119 429 194 492 tilios
208 429 375 491 difidentie
397 433 427 489 in
447 431 530 490 devia
545 429 668 489 abducat
681 434 711 488 et
726 428 885 501 discerpat,
915 435 944 486 et
959 444 996 486 ne
1010 426 1100 503 (quod
1113 427 1194 486 Deus
1210 444 1291 487 aver-

119 535 176 611 tat)
191 538 435 611 longanimitatem
449 536 566 609 benigni
588 536 680 609 patris
699 531 939 606 floccipendentes
961 549 1110 605 percamus
1125 530 1211 608 fame,
1236 550 1292 615 non

121 642 237 717 quidem
251 643 343 717 panis,
360 642 412 701 sed
427 641 519 713 verbi,
547 656 611 713 quae
626 620 752 697 omnium
773 641 912 698 seriarum
928 644 956 697 et
972 640 1077 713 puppis
1093 643 1122 696 et
1137 655 1227 712 prora
1250 646 1292 698 est

121 752 152 805 et
164 749 289 806 omnium
303 763 399 806 rernm
414 746 535 805 eversio.
575 744 660 816 Quod
675 745 773 816 itaque
797 759 895 802 omnes
910 744 950 818 pii
965 742 1107 801 orandum
1121 742 1241 817 ducunt,
1264 743 1293 801 id

120 867 253 926 rogemus
268 851 421 910 Dominum
435 856 468 909 nt
481 851 622 923 largiatur
637 866 689 923 per
705 849 848 908 Christum
863 850 882 908 J
884 865 973 907 esum.

208 956 320 1016 Eadem
333 955 439 1028 hospiti
453 955 642 1028 injunximus,
662 960 696 1013 ut
709 955 828 1028 singulis
843 953 941 1013 liberis
956 953 1064 1012 domini
1079 954 1206 1013 Musculi
1220 954 1290 1026 pile·

119 1060 167 1120 ola
181 1061 273 1120 nostri
288 1060 402 1118 nomine
416 1061 447 1116 in
461 1059 547 1117 xenia
561 1059 652 1118 daret.
676 1082 682 1092 ·

208 1165 246 1223 Ι).
270 1165 399 1224 loannes
425 1163 568 1222 Henricus
596 1164 674 1237 apud
695 1181 718 1222 s.
742 1163 909 1223 Mauritium
929 1178 965 1222 ex
985 1178 1048 1236 cap.
1073 1167 1112 1222 12
1134 1163 1172 1234 ad
1188 1165 1293 1224 Roma,

121 1285 174 1329 noa
195 1270 343 1328 nimirum:
371 1267 521 1328 «Gaudete
536 1285 599 1327 cnm
619 1269 823 1342 gaudentibus,
839 1266 906 1326 flete
922 1283 986 1326 cum
999 1264 1134 1327 flentibus
1146 1271 1175 1328 Ι»
1194 1271 1290 1342 expla-

122 1382 321 1521 nam'Eadem
342 1477 452 1520 summo
475 1477 559 1520 mane
580 1461 746 1521 Fridericns
765 1460 913 1521 Palatinus
937 1462 1053 1532 elector,
1073 1459 1210 1520 Bavariae
1226 1461 1289 1534 dux,

108 1566 362 1628 Novomarchiam
375 1565 456 1626 abiit.
469 1648 472 1652 ἡ

209 1672 338 1731 Vidimus
359 1668 524 1744 magnificas
548 1673 709 1728 structuras
736 1669 860 1729 coenobii
882 1669 909 1728 d.
930 1669 1061 1729 Udalrici
1083 1671 1159 1728 inter
1187 1671 1290 1731 moenia

120 1778 267 1851 Augustae,
283 1776 361 1849 quod
375 1792 433 1835 non
448 1777 532 1850 pauci
547 1779 672 1834 castrum
688 1772 810 1833 Caesaris
831 1774 877 1833 vel
897 1774 1073 1832 civitatulam
1092 1771 1221 1834 futuram
1235 1775 1289 1834 exi·

121 1881 246 1940 stimant
283 1881 353 1939 Fuit
367 1889 464 1941 numm
479 1880 507 1939 d.
524 1880 678 1940 Udelricus
693 1878 819 1952 ejusdem
833 1879 913 1937 urbis
928 1878 1034 1950 presul
1049 1878 1192 1953 exstirpe
1207 1879 1288 1938 comi·

119 1989 181 2044 tum
204 1985 241 2044 de
264 1984 418 2059 Dillingen.
455 1984 585 2044 Vidimus
605 1985 673 2044 item
694 1983 770 2043 aedes
794 1984 915 2043 loannis
932 1983 1049 2057 Georgii
1072 1983 1218 2057 Fuggeri,
1242 1981 1289 2042 ubi

121 2086 194 2148 forte
209 2086 326 2150 fortuna
341 2091 445 2149 ostium
464 2088 565 2147 domus
580 2094 711 2161 apertum
731 2090 908 2161 reperientes
923 2089 1073 2161 intramus,
1097 2088 1224 2161 hortum,
1235 2103 1291 2147 am·

120 2193 239 2254 bulscra
252 2199 464 2265 concamerata,
487 2209 588 2253 caveas
602 2192 671 2250 item
686 2194 832 2251 volucrum
847 2193 975 2266 undique
989 2190 1037 2270 filo
1052 2191 1147 2253 ferreo
1164 2194 1290 2254 obtectas

120 2303 152 2357 et
164 2297 346 2370 receptacula
359 2295 480 2356 fontium
495 2297 737 2372 perlustravimus.
760 2299 800 2357 Et
815 2297 892 2371 quod
905 2299 1017 2357 mireris
1032 2297 1071 2356 ad
1085 2295 1229 2357 adificioli
1244 2314 1290 2357 cu·

116 2403 232 2474 jusdam
247 2403 341 2462 solare
355 2402 536 2476 horologium
550 2402 654 2475 parieti
677 2401 820 2475 depictum
842 2418 905 2460 cum
927 2403 1108 2462 hneamentis
1122 2402 1290 2477 horoscopis

119 2522 152 2566 ac
167 2506 275 2566 umbris
298 2509 356 2566 suis
380 2505 489 2567 affabre
511 2511 696 2580 exornatum,
720 2512 828 2580 praeter
849 2507 926 2580 qnod
945 2508 975 2565 in
995 2505 1090 2565 medio
1105 2505 1168 2566 iere
1183 2508 1290 2582 pariete

119 2610 250 2686 Angusta
272 2612 341 2672 urbs
363 2618 393 2670 et
413 2612 475 2684 ejus
499 2612 570 2670 situs
591 2612 681 2685 probe
701 2611 844 2670 delineata
867 2616 951 2670 erant
965 2618 995 2670 et
1009 2627 1107 2671 omnes
1122 2613 1153 2670 iu
1169 2610 1289 2672 confinio

119 2713 205 2773 nrbes
224 2731 287 2773 cum
306 2713 470 2775 fluminibus
496 2723 525 2774 et
545 2717 670 2774 amnium
697 2731 811 2789 quoque
830 2715 1011 2789 decursibus,
1044 2715 1148 2787 quibus
1171 2715 1289 2790 singule

119 2817 266 2890 adiacent3
290 2834 343 2891 per
362 2825 446 2881 notas
461 2819 599 2893 quasdam
613 2825 643 2878 et
657 2821 740 2893 signa
754 2819 946 2890 indicabatur,
962 2818 1000 2877 ad
1015 2819 1091 2892 quod
1105 2826 1196 2880 terroe
1210 2821 1289 2880 clima

119 2935 241 2993 qnoque
256 2921 325 2980 urbs
344 2923 402 2982 situ
422 2939 474 2982 suo
496 2930 628 2997 vergeret
647 2930 677 2982 et
697 2929 768 2995 quot
788 2923 946 2983 miliaribus
961 2924 998 2982 ab
1013 2923 1147 2997 Angusta
1160 2923 1287 2984 metant.

119 3023 197 3098 Opus
211 3023 338 3097 proiecto
358 3027 404 3085 vel
422 3027 524 3099 Apelle
546 3028 592 3086 vel
612 3027 737 3086 Zeuxide
752 3027 877 3102 dignum.
917 3029 952 3087 ln
966 3029 1012 3087 his
1026 3026 1139 3087 aedibns
1153 3027 1288 3094 archidux

117 3128 330 3190 Maximilienus
350 3147 440 3190 verna
458 3131 561 3191 balnea
582 3131 736 3204 habuerat,
762 3134 909 3193 amedicis
928 3133 1059 3192 antidoto
1073 3138 1179 3192 contra
1198 3133 1288 3205 lom

118 3231 303 3305 protectionis
329 3235 482 3309 hispanicae
506 3236 686 3296 incommoda
715 3242 745 3295 et
770 3243 871 3298 contra
901 3237 1113 3308 inconsuetum.
1126 3242 1198 3298 ocra
1218 3251 1287 3312 pre·

118 3339 253 3396 munitus.
934 3403 937 3406 .

206 3441 339 3503 Hoieusis
354 3445 448 3505 scriba
463 3445 534 3504 nihil
548 3445 597 3504 hic
610 3442 751 3520 preficere
766 3451 871 3520 potest.
900 3445 988 3504 Fiant
1001 3450 1098 3503 umen
1122 3444 1221 3506 omnia
1238 3458 1286 3503 suo

117 3549 255 3618 tempore.

205 3648 334 3710 Vidimus
349 3658 379 3712 et
394 3653 493 3712 eadem
508 3653 539 3710 in
554 3651 698 3711 suburbiis
713 3652 889 3725 Augustanis
904 3668 1004 3714 versus
1027 3658 1128 3726 portas
1143 3648 1174 3712 d.
1189 3648 1284 3712 Jeeobi

116 3753 238 3812 viculum
253 3761 283 3813 et
305 3772 387 3815 muro
407 3761 436 3816 et
457 3756 550 3816 tribus
572 3756 664 3829 portis
679 3756 807 3815 clausum
822 3755 949 3818 aedificiis
972 3757 1104 3830 oblongis
1119 3754 1284 3830 quatenu

115 3857 277 3918 mamicnee
292 3867 405 3920 centum
420 3866 451 3919 et
465 3876 517 3919 sex
531 3859 647 3934 divisas
664 3866 694 3919 et
707 3862 737 3920 in
752 3863 963 3936 superliminari
977 3867 1129 3937 portarum
1142 3859 1208 3921 hac
1220 3871 1284 3921 sevo

116 3961 258 4036 insculpta
272 3969 372 4024 erant:
