2678 4546
583 66 658 134 163·

48 260 72 308 se
83 249 186 311 nunde
199 266 220 310 a
232 248 317 310 nobis
330 264 388 309 non
402 248 577 324 posthaberi.
631 249 793 309 Videndum
814 254 911 308 autem
927 248 1010 309 nobis
1024 253 1077 322 est,
1100 264 1138 308 ue
1158 248 1206 308 hic

41 353 113 425 iuxta
133 356 162 416 d.
178 356 262 416 Petri
281 354 465 415 monitionem
483 356 546 413 hoec
567 372 586 414 a
604 356 710 416 mundo
734 356 772 417 oh
794 357 952 429 nequitiam
979 360 1107 414 nostram
1124 355 1205 427 justo

42 461 98 521 odio
117 461 198 537 digni
218 463 372 537 patiamur.
415 462 498 520 Tunc
521 462 596 519 enim
617 478 692 521 vana
712 467 743 522 et
766 460 931 521 frustranea
951 466 1050 519 nostra
1071 459 1204 533 gloriatio

39 564 114 629 foret
152 568 213 628 Sed
226 584 357 642 quaerere
372 567 515 642 quispiam
533 572 647 640 posset,
664 582 728 625 cum
744 566 873 626 Christus
890 566 968 640 dicit,
993 564 1134 625 »mundus
1154 580 1205 624 vos

37 674 123 748 odit«,
139 690 179 734 au
191 673 248 733 hoc
262 674 339 735 dicto
354 674 440 733 etiam
453 674 522 733 velit
535 671 684 745 pontifices
700 680 728 732 et
743 674 894 746 optimates
910 671 1007 731 mundi
1021 672 1075 731 sub
1089 670 1205 730 nomine

34 779 129 840 nundi
148 779 290 839 concludi.
328 777 513 853 Respondeo,
541 779 737 839 meretricibus
757 784 786 837 et
807 779 966 853 publicanis
994 775 1204 850 quodammodo

33 885 131 945 melius
145 900 213 943 cum
227 882 343 943 christo
358 886 537 958 conuenisse,
560 901 595 944 eo
611 884 687 957 qnod
707 885 762 943 hoc
776 883 921 944 hominum
936 898 1027 957 genus
1041 887 1071 941 et
1085 888 1206 956 peccota

33 1007 81 1051 sna
95 996 127 1050 et
139 990 283 1051 medicum
302 991 460 1050 animarum
483 1006 599 1049 suorum
614 989 758 1049 christum
781 991 864 1048 citius
879 991 1043 1064 agnoverit,
1064 987 1205 1049 Pharisaei

33 1110 97 1155 vero
112 1100 144 1154 et
158 1110 294 1170 proceres
305 1096 414 1170 iuduici
429 1098 610 1171 apertissimo
632 1096 699 1156 odio
714 1095 791 1154 hunc
805 1096 950 1170 prosecuti
965 1101 1045 1169 snut,
1071 1099 1104 1153 ut
1118 1094 1204 1153 etism

35 1200 211 1275 evangelista
224 1201 353 1261 ioannes
369 1200 406 1262 de
420 1202 516 1263 Pilnto
531 1203 644 1262 ethnico
660 1200 774 1275 dixerit,
795 1200 888 1259 sciens
903 1200 981 1274 quod
996 1206 1117 1275 propter
1131 1198 1204 1257 iuvi·

36 1305 109 1367 diam
123 1306 315 1366 tradidissent
329 1323 403 1368 eum.
440 1309 512 1366 llaec
525 1309 614 1382 igitur
629 1308 764 1381 scientes,
788 1307 831 1365 ait
844 1306 1005 1380 Musonius,
1028 1306 1139 1364 animos
1154 1319 1205 1362 no·

36 1415 107 1471 suos
122 1407 320 1486 obfirmemus,
345 1428 409 1471 cum
422 1412 486 1472 baec
500 1414 652 1489 apostolis,
674 1411 860 1485 patriarchis,
881 1410 1029 1486 prophetis
1043 1417 1073 1470 et
1088 1410 1204 1470 domino

37 1514 85 1588 ipsi
99 1513 217 1575 Christo
238 1515 409 1592 acciderint,
432 1521 456 1579 si
476 1518 630 1593 aliquando
654 1527 684 1578 et
702 1518 733 1576 in
755 1523 884 1577 nostrum
906 1519 1001 1575 sinum
1015 1513 1145 1590 influant,
1168 1530 1205 1574 ne

40 1634 109 1694 egre
122 1618 180 1680 hoc
194 1618 330 1697 ieramus,
346 1623 398 1683 sed
412 1640 491 1699 oum,
514 1627 564 1699 qui
579 1641 630 1684 nos
646 1625 726 1699 prius
741 1624 828 1697 elegit
843 1630 872 1683 et
887 1638 972 1695 quem
987 1620 1109 1681 mundus
1124 1622 1205 1695 prius

39 1723 97 1785 olio
109 1725 222 1800 haime,
231 1727 383 1803 imitemur,
394 1730 587 1790 obedientiam
601 1731 644 1788 illi
659 1735 829 1804 praestemus
844 1736 874 1789 et
884 1746 903 1788 a
912 1726 1042 1787 confessa
1057 1726 1146 1785 semel
1155 1741 1204 1783 re·

41 1830 119 1891 nure
139 1846 200 1890 non
222 1832 400 1911 recidamus,
428 1834 505 1908 quod
523 1836 606 1896 nohis
629 1834 727 1895 faveat
751 1834 822 1894 deus
846 1839 930 1907 poter
951 1848 1003 1907 per
1019 1829 1109 1889 filium
1123 1844 1204 1888 suum

43 1932 142 1995 desum
164 1936 267 1997 Amen.
649 2005 655 2015 ,

122 2041 235 2102 Eadem
256 2043 440 2103 wilhelmum
462 2046 593 2103 comitem
614 2062 631 2104 a
653 2045 768 2104 Nassau
792 2045 822 2102 in
844 2044 968 2118 hospitio
999 2041 1206 2115 archiepiscopi

46 2142 214 2209 blemensis
233 2148 352 2209 allocuti
367 2166 477 2224 sumus,
503 2152 552 2223 qui
575 2153 616 2210 ait
636 2167 667 2209 sc
682 2149 927 2224 archiepiscopum
947 2149 1039 2207 nostri
1055 2163 1124 2221 ergo
1139 2160 1205 2205 con-

46 2254 161 2330 uumsso,
181 2259 212 2315 et
232 2254 276 2313 illi
290 2271 349 2315 non
363 2258 470 2329 prester
484 2272 545 2315 rem
565 2255 670 2330 videri,
694 2258 719 2314 si
741 2256 780 2315 ad
801 2255 954 2331 prandium
975 2253 1113 2327 adessem,
1138 2268 1205 2313 nam

46 2356 128 2433 ipsum
147 2376 262 2435 quoque
282 2377 317 2421 eo
337 2360 474 2421 tutnmm.
519 2361 646 2422 Prandio
668 2361 757 2435 igitur
777 2360 953 2422 coloniensis
975 2361 1121 2434 praecipue
1142 2359 1204 2431 ejus

48 2480 143 2527 ηοω
163 2454 331 2527 assidebunt
344 2467 433 2527 abhus
449 2484 468 2526 a
482 2467 685 2542 weingarten,
702 2466 849 2541 Gervicus,
874 2465 1054 2538 wilhelmus,
1078 2478 1206 2523 comesa

47 2568 161 2647 Nmuu,
175 2571 323 2646 Eubulus,
345 2571 414 2632 Otto
428 2587 522 2633 comcs
536 2588 555 2631 a
570 2572 773 2645 Schaumberg,
795 2572 966 2631 chunradus
981 2587 999 2629 a
1013 2568 1207 2642 Beuuehurgk

11 2690 19 2751 ’,ι
46 2677 485 2753 ηωποαὸὼοιὼοτωιιί
493 2680 685 2739 marschalcus
696 2678 811 2737 caesaris
827 2674 1204 2751 dicitur,VitnsaVelherg.

11 2812 13 2847 :
122 2783 288 2860 Apraudio
307 2784 361 2845 der
385 2784 520 2844 subillich
542 2785 626 2845 Bilch
648 2784 830 2860 provincialis
854 2783 1072 2843 Carmelitarum
1095 2779 1132 2839 ad
1154 2794 1207 2838 nos

46 2890 124 2964 uenit,
139 2891 332 2966 interrogans,
349 2890 479 2963 nunquid
493 2906 539 2950 me
553 2891 718 2950 Ratisbonae
733 2891 861 2950 vidisset.
899 2889 996 2948 Primo
1011 2885 1149 2961 respondi
1162 2900 1208 2943 ms

46 2996 166 3069 moire,
188 3001 377 3071 posteaquam
396 3002 493 3056 autem
513 3012 577 3056 eum
592 3012 696 3071 urgere
712 2996 825 3071 audivi,
849 3012 945 3055 annon
960 2995 1102 3066 colloquio
1116 2992 1206 3049 iuter-

44 3092 163 3176 luissom,
177 3100 329 3177 respondi:
346 3102 378 3163 si
391 3108 423 3163 tu
438 3118 469 3162 es
483 3103 533 3161 ille
548 3104 663 3176 iniquus
678 3118 778 3174 aequus
794 3101 892 3177 (adusi
906 3102 981 3159 enim
996 3100 1034 3158 ad
1049 3112 1208 3171 cognomen

45 3204 112 3281 tius)
133 3206 178 3267 lui
191 3206 258 3267 istic
272 3212 300 3267 et
314 3214 344 3267 te
358 3224 472 3282 quoquo
486 3208 558 3281 vidi,
581 3224 634 3266 nec
653 3206 764 3281 abnego
780 3222 826 3265 mc
847 3206 953 3266 ibidem
967 3205 1064 3277 fuisse,
1081 3217 1134 3261 nec
1147 3216 1209 3275 poe·

29 3310 117 3373 met
140 3312 284 3371 Bilckium
306 3319 402 3373 nutem
417 3314 609 3388 interrogavi,
625 3314 674 3385 qui
688 3311 785 3386 fieret,
808 3310 886 3385 quod
905 3311 990 3371 modo
1012 3323 1107 3368 macer
1123 3312 1208 3380 esset,

44 3430 102 3477 um
114 3417 284 3479 Batisbonre
301 3417 405 3477 obesus
419 3416 516 3492 luerit,
533 3424 562 3478 et
576 3434 652 3476 nunc
665 3424 741 3477 totus
757 3423 830 3491 ater,
846 3432 910 3475 cum
925 3421 993 3474 tnnc
1007 3416 1097 3488 nigrae
1112 3413 1208 3472 cucul-

44 3520 77 3581 b
88 3522 241 3585 undidem
255 3522 423 3583 chlamidem
438 3523 690 3597 superinduxerit?
723 3523 884 3597 Respondit
898 3538 929 3579 se
944 3537 1019 3580 nunc
1034 3521 1064 3578 in
1079 3520 1207 3594 peregri·

45 3618 155 3691 'ullone
169 3644 234 3689 eme
248 3634 280 3689 ot
292 3644 352 3689 uon
365 3629 459 3688 solere
470 3629 592 3689 candido
605 3630 712 3703 vestiri,
724 3628 779 3687 nisi
793 3630 823 3686 in
839 3627 1018 3702 gravioribus
1033 3629 1207 3711 versaretur.

37 3716 99 3796 Μ
115 3741 273 3809 mtoquam
291 3750 387 3795 sermo
409 3735 485 3794 inter
506 3750 558 3794 nos
578 3712 691 3809 longius
716 3734 955 3809 progrederetur,
980 3736 1092 3789 mature
1114 3742 1209 3787 comos

36 3824 210 3903 ¹wilhelmus
224 3842 389 3901 missionem
403 3838 442 3901 ab
457 3841 590 3915 episcopo
605 3841 698 3914 petiit,
719 3857 803 3913 quem
825 3841 904 3899 ocius
919 3835 1087 3908 subsequuti
1102 3846 1207 3891 sumus,

43 3939 123 4011 lune
139 3946 300 4021 honoram,
331 3960 394 4006 euru
416 3960 462 4006 mo
484 3945 522 4006 ad
544 3962 651 4017 prunus
674 3944 835 4020 pontificias
857 3942 1058 4013 calefeceram,
1081 3944 1142 3996 tum
1163 3951 1209 3996 re-

58 4182 65 4201 ·
126 4157 285 4222 Otthonom
308 4164 339 4219 et
351 4156 508 4219 Emanium
525 4157 655 4219 comitem
671 4171 690 4218 a
704 4152 912 4225 Schoumherg,
927 4148 1033 4210 hatres
1055 4162 1208 4225 germanos

922 4253 994 4314 11*
