2706 4530
644 34 712 105 ²10

133 254 138 259 -
178 217 285 289 adolii
299 233 364 281 com
378 214 500 280 Aiberto
515 217 650 279 Dracone
664 216 700 278 de
714 218 811 279 multis
826 219 1005 282 contulimus.
1029 219 1108 282 Idem
1123 237 1158 283 ea
1173 221 1264 283 dicio

87 322 273 400 pometum
294 323 370 385 Josti
396 328 426 384 et
447 324 614 399 walpurgis
640 326 826 385 concionatus
850 331 909 401 eet,
937 327 1125 399 posteriorem
1151 332 1264 402 partem

88 427 195 504 psalmi
214 428 290 487 115:
314 428 454 489 Dominus
474 443 583 488 memor
600 426 655 488 iuit
675 432 766 489 nostri
784 434 814 489 et
827 430 975 491 benedixit
987 432 1080 493 nobis.
1118 432 1266 500 Benedioit

92 532 190 595 domm
205 533 307 608 Israel,
323 533 468 595 benedicit
482 534 579 594 domni
592 533 692 594 Aaron
707 539 761 595 etc.
778 551 925 596 enarrans.
965 536 1079 595 Summa
1094 542 1147 612 est,
1162 538 1263 613 inquit,

90 640 195 699 borum
209 637 377 713 vorborum,
392 638 471 712 quod
486 639 556 699 deus
571 638 702 699 omnibus
716 640 867 709 benedicat
881 646 911 700 et
925 642 1021 701 omnia
1034 649 1195 717 conservet,
1211 661 1264 719 po·

89 745 233 804 tissimum
255 749 352 804 autem
372 745 499 804 ecclesiae
522 760 581 803 snoe
601 745 772 806 benedicere
792 752 911 820 paratus
931 747 976 806 sit.
1014 748 1087 806 Item
1107 754 1215 822 quanta
1228 750 1267 809 sit

90 849 196 924 divina
210 849 369 911 clementiae
384 850 508 924 bouitas,
525 851 575 923 qui
588 864 641 908 nec
658 866 748 922 genus
764 867 816 910 nec
830 862 899 924 opes
914 867 967 910 uec
981 853 1125 912 miseriam
1138 853 1264 927 respicit,

90 955 143 1015 sed
158 955 269 1016 ordinis
284 956 479 1028 cujuscunque
492 954 656 1015 hominibus
672 956 827 1030 benedicit,
848 955 957 1016 scilicet
971 958 1034 1031 regi
1049 960 1160 1032 potenti
1174 962 1203 1017 et
1217 959 1265 1018 Iro

90 1060 287 1136 pauperrimo.
324 1059 482 1122 Admonuit
503 1065 600 1120 autem
622 1066 655 1120 ut
675 1060 900 1121 benedictionem
924 1061 1039 1134 quidem
1059 1078 1077 1121 a
1099 1062 1214 1122 domino
1237 1069 1267 1123 et

91 1171 256 1242 peteremus
270 1170 300 1226 et
315 1171 547 1240 expectaremus,
571 1167 622 1226 sed
641 1168 683 1228 ita
702 1184 739 1227 ne
758 1183 825 1226 mox
845 1167 955 1226 animos
976 1167 1216 1241 despondeamus,
1241 1169 1265 1226 si

90 1289 151 1332 non
164 1272 197 1330 in
211 1276 368 1347 momento,
390 1288 454 1346 quae
469 1272 649 1347 petierimus,
672 1273 848 1346 contingant.
886 1271 1041 1331 Dominum
1060 1275 1135 1333 enim
1155 1279 1266 1334 mature

91 1378 163 1437 satis
187 1390 255 1435 snos
275 1375 474 1437 benedictione
495 1377 687 1451 impleturum.
725 1376 775 1436 Ait
794 1394 908 1452 quoque
927 1379 1068 1452 psalmum
1088 1393 1185 1438 vocem
1204 1395 1267 1439 asse

91 1481 221 1543 ecdesia
235 1478 364 1541 fidelium
378 1481 498 1556 singuiis
513 1499 549 1543 ex
563 1482 718 1543 christiana
732 1483 872 1544 charitate
884 1481 980 1543 fausta
992 1484 1184 1557 imprecantis.
1208 1483 1267 1544 Do·

91 1586 152 1647 cnit
173 1591 205 1646 et
224 1586 367 1660 quomodo
379 1568 485 1662 'magni
506 1588 561 1648 hoc
579 1587 740 1657 ducendum
761 1588 814 1661 sit,
837 1587 915 1661 quod
929 1589 1083 1662 jubeamur
1106 1595 1136 1649 et
1156 1589 1267 1650 dicatur

92 1690 190 1751 nobis:
212 1691 380 1753 Benedicite
394 1692 509 1753 domino
524 1698 579 1753 etc.
617 1694 690 1753 item
709 1709 844 1768 sponsum
862 1697 892 1752 et
906 1709 1040 1767 sponsam
1057 1694 1198 1754 allocutus
1213 1700 1266 1769 est,

91 1811 234 1859 memores
248 1803 346 1862 essent
364 1799 509 1858 immensae
530 1799 666 1860 bonitatis
686 1800 776 1872 patris
796 1801 826 1858 in
841 1815 891 1859 eos
907 1799 1046 1873 coelestis,
1069 1800 1118 1872 qui
1132 1801 1223 1873 magis
1239 1805 1268 1860 et

93 1903 211 1965 uberius
227 1919 290 1976 eos,
307 1905 332 1962 si
347 1903 378 1962 in
392 1904 496 1964 timore
510 1909 540 1963 et
554 1902 612 1964 iide
628 1904 733 1964 domini
748 1905 946 1979 persteterint,
962 1904 1165 1964 benedicturus
1181 1911 1265 1981 esset,

94 2023 148 2087 nec
162 2023 222 2070 non
241 2014 271 2097 et
289 2008 409 2084 liberos,
434 2024 505 2084 quos
524 2010 704 2083 procreaturi
724 2013 834 2083 essent,
857 2014 945 2083 atque
964 2025 1001 2069 ne
1020 2009 1117 2070 statim
1138 2024 1268 2071 macrore

93 2110 313 2190 conficerentur,
329 2115 354 2173 si
368 2130 426 2175 non
441 2115 536 2175 omnia
549 2129 616 2174 mox
626 2116 717 2189 copiae
729 2129 819 2175 oornn
831 2114 887 2173 illis
898 2114 937 2175 sd
949 2130 1064 2175 manum
1074 2102 1179 2177 adsint.
1202 2116 1268 2176 Vnd

93 2234 137 2279 uo
151 2219 214 2278 Irsz
228 2219 307 2279 nicht
321 2215 466 2278 soheiiiicb
481 2218 601 2281 babenn
617 2220 702 2297 kent,
716 2235 757 2282 so
773 2224 885 2295 nempts
904 2217 1010 2280 leiiiich
1025 2236 1075 2293 an,
1100 2219 1170 2283 Gott
1188 2222 1268 2282 uiro

93 2323 162 2383 moll
180 2321 329 2385 machenn.
368 2324 431 2384 Nec
449 2325 504 2385 hoc
525 2324 694 2386 beneficium
716 2326 798 2400 parvi
820 2325 1017 2386 aestimandum
1039 2332 1099 2399 est,
1124 2326 1269 2388 dominum

93 2429 180 2489 deum
194 2428 299 2488 coelom
314 2430 368 2490 sibi
382 2430 413 2490 in
427 2430 562 2491 thronum
572 2428 790 2506 magnificentiae
802 2446 924 2505 creasse,
940 2446 1040 2490 rernm
1054 2430 1191 2491 mundum
1205 2447 1268 2490 cum

93 2536 226 2598 omnibns
241 2537 346 2596 creetis
360 2537 416 2611 piis
431 2553 490 2598 non
503 2536 646 2609 invidere3
664 2538 742 2611 quin,
759 2536 834 2610 quod
846 2537 937 2610 moins
950 2539 1003 2610 est,
1018 2536 1049 2593 in
1060 2551 1129 2610 usus
1141 2535 1268 2609 ipsorum

92 2644 157 2705 nac
171 2641 308 2704 condidit.
331 2642 449 2702 Etcum
463 2644 525 2702 naec
537 2644 621 2703 scita
633 2641 768 2716 babeant,
784 2641 938 2715 cogitemus
950 2642 1077 2701 viventes
1093 2627 1122 2700 et
1135 2642 1199 2703 sani
1213 2641 1267 2701 deo

81 2749 311 2824 inperpetuum
325 2747 472 2813 Halleluia
486 2749 649 2810 demntme.
1165 2802 1168 2811 .
1230 2807 1232 2810 .

183 2853 212 2913 A
226 2855 363 2914 concione
373 2853 493 2914 Carolus
508 2869 601 2914 comm
617 2851 782 2914 aGlcichen
796 2867 860 2911 cum
874 2868 965 2924 uxore
979 2867 1031 2911 sna
1045 2857 1076 2912 et
1088 2851 1268 2929 sigismundo

93 2957 187 3020 fratre
202 2959 344 3021 abierunt.
372 2961 401 3019 A
414 2961 537 3035 prandio
551 2942 720 3035 conjugibus
734 2959 889 3019 honoraria
903 2974 957 3032 pro
971 2973 1052 3018 more
1066 2958 1135 3019 data
1148 2963 1223 3019 suut.

185 3065 245 3125 Sub
269 3069 401 3139 quartam
427 3064 542 3125 domina
565 3064 601 3124 dc
623 3064 856 3138 Schwartzburg,
879 3064 1002 3124 ioannis
1021 3064 1140 3124 Henrici
1158 3065 1269 3125 comitis

95 3186 183 3246 uxor,
200 3170 387 3246 pedissequas
401 3184 498 3230 secum
513 3176 543 3231 et
557 3169 794 3244 Christophorum
808 3170 846 3231 eb
859 3170 1043 3244 Entaenberg
1058 3185 1112 3229 neo
1125 3185 1184 3229 non
1197 3169 1267 3229 Joa-

95 3269 220 3337 chimum
235 3276 310 3336 Sack
325 3291 470 3337 manmena
488 3276 618 3350 domum,
637 3276 745 3335 relictis
759 3274 941 3344 RudeIstadii
955 3268 1067 3336 duabus
1080 3272 1207 3350 filiabus,
1217 3295 1220 3299 ’
1230 3275 1269 3335 ad

94 3386 231 3445 maritum
245 3382 341 3443 rediit.
783 3407 785 3411 ¹
958 3367 960 3371 ⁸

186 3487 247 3550 Sub
261 3503 345 3549 coena
359 3486 502 3549 Henricus
516 3485 587 3549 baro
602 3504 621 3547 a
635 3483 805 3547 Wildeufels
819 3487 907 3548 uenit.

186 3593 265 3654 Nota
284 3593 321 3654 de
340 3591 502 3655 acmoroso
520 3595 552 3654 in
570 3590 708 3653 Masieldt
731 3592 917 3653 incarcerato.
960 3593 1000 3653 Et
1019 3591 1229 3666 animadverte,
1251 3607 1269 3650 o

97 3700 196 3774 bomo,
216 3699 286 3774 qnid
300 3696 388 3760 iaciat
402 3715 470 3760 caro
486 3697 691 3760 sibi'derelicta
705 3702 738 3759 ut
752 3698 782 3758 in
797 3699 929 3775 pessimis
945 3700 1031 3761 etiam
1046 3697 1202 3758 crudelitas
1214 3696 1246 3756 in
1258 3691 1268 3730 ¹

97 3807 191 3867 locum
204 3806 300 3866 habet.
887 3835 892 3847 ·

186 3912 215 3984 vj
230 3910 301 3971 Julii
315 3909 452 3971 Albertus
466 3909 562 3970 Draco
581 3909 611 3968 in
626 3908 731 3970 sacello
751 3910 826 3970 arcis
843 3906 993 3973 octoadem
1007 3906 1146 3969 decimam
1160 3909 1270 3965 sexmm

186 4067 189 4071 «
678 4047 694 4083 s

174 4136 187 4183 l
206 4132 273 4184 Hier
290 4131 336 4184 hat
355 4131 398 4184 die
414 4130 455 4186 hs.
475 4131 533 4184 eine
551 4130 640 4184 kleine
657 4131 745 4186 idcirc.
