2678 4546
207 180 295 240 Venit
308 193 403 239 comes
417 179 545 238 loannes
560 193 579 236 a
593 175 740 248 Rethberg
755 173 854 234 eadem
869 173 1011 234 loannem
1030 171 1150 234 fratrem
1167 181 1292 236 nostrum

120 292 246 346 veterem
262 301 344 344 suum
359 283 486 343 sodalem
500 283 634 342 invisere.

208 390 311 450 Rattos
336 404 431 448 mures
453 387 586 463 Augusta
605 403 662 446 non
687 384 744 445 fert
766 387 802 446 ob
824 387 877 445 soli
901 385 946 462 (ut
967 386 1062 445 Maier
1087 383 1170 461 dicit)
1187 384 1294 460 frigidi·

120 500 222 569 tatem,
245 496 330 568 juxta
344 496 472 569 papistas
488 499 597 567 autem,
620 492 698 567 quod
721 492 748 552 d.
765 492 857 552 Ulrici
880 491 1011 566 precibus
1025 490 1068 551 ab
1092 491 1137 550 his
1157 491 1294 551 immunes

121 601 186 659 sint.

212 705 284 763 Tum
299 707 420 778 primum
435 704 617 765 Malvendam
638 720 752 778 quoque
775 703 876 763 adesse
891 704 1027 778 comperi.
1067 704 1140 761 Item
1154 700 1295 760 Bucerum

124 812 262 872 delusum.
302 811 458 871 Consilium
473 812 585 870 comitis
601 828 619 870 a
633 810 748 871 Nassau
764 807 826 884 init,
844 815 876 867 ut
889 813 952 868 tuto
968 810 1049 869 saluo
1065 806 1220 882 conductui
1236 806 1294 867 Oa

123 918 195 976 saris
210 914 337 977 fiderem.

211 1021 362 1082 coenatum
376 1021 464 1095 igitur
477 1026 523 1079 est
535 1019 612 1094 apud
623 1020 839 1079 Treverensem.
863 1021 891 1078 Is
897 1020 1040 1079 Eubulum
1054 1036 1107 1094 pro
1123 1020 1216 1079 veteri
1231 1019 1296 1078 ami·
1332 999 1337 1039 ⁵

122 1130 190 1186 citia
205 1128 369 1186 humaniter
385 1125 506 1199 excepit.
530 1126 695 1184 Intererant
710 1131 805 1184 autem
820 1126 949 1185 convivio
965 1126 1136 1185 Wilhelmus
1151 1141 1170 1184 a
1185 1124 1295 1184 Nassau

125 1238 154 1290 et
168 1231 345 1306 Dillenberg,
372 1235 401 1289 et
415 1231 433 1290 J
435 1246 541 1290 oannes
565 1230 712 1290 aNassau
736 1237 766 1291 et
781 1230 926 1291 Sarbruek
941 1231 1071 1305 comites,
1093 1228 1237 1303 Georgius
1252 1227 1295 1286 ille
1330 1208 1335 1249 ³

125 1338 261 1397 Wicelius
285 1336 385 1396 Fuldae
410 1336 597 1410 perturbator
617 1341 646 1394 et
664 1337 835 1410 praepositus
855 1335 972 1410 quidam
991 1336 1227 1395 Vratislaviensis
1244 1332 1294 1393 Ge·
1329 1416 1332 1421 .

127 1444 224 1517 argius
239 1444 346 1517 Logus,
370 1443 498 1501 homines
514 1441 630 1514 quidem
645 1458 703 1500 non
718 1442 856 1515 illiterati,
882 1441 934 1500 sed
955 1457 1077 1514 quorum
1097 1440 1224 1501 eruditio
1239 1455 1295 1514 pes
1328 1446 1333 1456 '

127 1549 196 1606 sime
211 1548 330 1607 habitet.
370 1548 442 1607 Sunt
463 1549 537 1606 enim
561 1548 657 1606 hostes
682 1552 711 1606 et
726 1552 925 1619 persecutores
947 1548 1072 1605 omnium
1087 1548 1135 1621 pie
1151 1546 1294 1606 doctorum
1328 1528 1337 1559 ³

128 1653 268 1727 acerrimi,
293 1658 325 1711 ut
339 1653 416 1712 mille
431 1653 526 1713 verbis
541 1653 654 1727 ipsimet
668 1652 858 1711 testabantur.
901 1652 998 1725 Logus
1019 1653 1069 1711 1110
1090 1651 1182 1711 multa
1198 1652 1235 1711 de
1249 1649 1293 1710 ab
1325 1664 1332 1749 ζ

127 1761 278 1834 negatione
293 1760 413 1818 loannis
428 1760 515 1818 Hessi
530 1759 741 1818 concionatoris
755 1757 980 1817 vratislaviensis
995 1759 1116 1832 locutus,
1142 1759 1193 1832 ait,
1210 1759 1294 1831 ipsun
1326 1748 1337 1767 “”

129 1865 219 1923 multa
234 1865 272 1924 ad
287 1870 413 1924 veterem
435 1862 669 1924 consuetudinem
694 1865 871 1937 immutasse,
889 1862 925 1923 ob
941 1862 1095 1936 quodcum
1110 1864 1186 1924 male
1201 1880 1220 1922 a
1235 1861 1294 1922 civi·

129 1969 183 2027 bus
199 1970 258 2027 suis
273 1969 396 2043 audiret,
413 1970 495 2042 quasi
509 1969 548 2028 ad
563 1967 672 2027 felicius
688 1969 768 2028 nauis
783 1969 857 2028 latus
872 1969 1036 2042 posthabita
1051 1968 1157 2029 Christi
1173 1969 1296 2029 doctrina

131 2090 162 2133 se
177 2075 336 2149 inclinaret,
361 2090 422 2149 prae
437 2089 560 2134 moerore
576 2079 773 2149 consumptum
788 2090 859 2134 esse.
885 2073 942 2133 Sed
957 2075 1019 2147 quis
1039 2073 1170 2147 pessimis
1184 2072 1296 2134 homini·

132 2180 195 2254 bus,
212 2179 344 2240 debonis
360 2178 477 2238 sinistra
492 2181 683 2254 narrantibus,
700 2177 785 2239 fidem
801 2178 959 2238 adhibeat?
982 2181 1124 2239 Bucerum
1140 2180 1297 2241 nesciebant

133 2300 217 2358 quem
232 2282 374 2358 iacerent,
399 2300 474 2343 nuuc
489 2300 554 2344 eum
570 2285 763 2357 sacerdotem,
787 2302 822 2343 ex
838 2285 986 2345 sacerdote
1002 2285 1246 2360 dominicastrum‚
1268 2298 1297 2343 ex

132 2389 333 2449 dominicastro
349 2389 583 2463 Cambodunum,
608 2408 643 2448 ex
666 2389 856 2449 Carthasiano
877 2391 1000 2450 aulicum
1022 2397 1051 2450 et
1065 2392 1143 2452 haud
1158 2394 1219 2452 scio
1234 2405 1296 2466 quaa

132 2497 374 2570 metamorphoses
398 2495 441 2554 illi
464 2493 670 2567 attribuentes,
701 2495 951 2569 chamelopardum
976 2499 1093 2572 insuper
1115 2497 1295 2557 nominantes.

134 2600 262 2660 Tandem
278 2601 410 2661 effutiunt
425 2600 477 2661 sub
493 2601 572 2661 salvo
585 2601 727 2660 conductu
737 2601 851 2675 quidem
858 2601 999 2662 Bucerum
1009 2603 1169 2676 Augustam
1185 2603 1296 2672 0001010,

133 2706 183 2764 sed
202 2707 362 2766 arctissima
385 2706 515 2765 custodia
530 2706 582 2764 sub
598 2705 771 2765 marchionis
787 2705 918 2765 electoris
943 2710 1140 2768 commissione
1162 2708 1264 2781 tenori,
1283 2719 1297 2764 a

134 2811 187 2869 deo
203 2828 238 2869 ne
254 2809 420 2870 schedulam
436 2809 550 2882 quidem
564 2807 642 2869 foras
658 2809 782 2870 scribere
797 2812 904 2872 liceret.
936 2814 1008 2873 ltem
1023 2814 1145 2873 eundem
1158 2815 1221 2886 iarn
1235 2825 1297 2887 pene

136 2915 248 2974 duobus
270 2918 384 2991 scriptis
408 2930 439 2973 se
462 2914 548 2973 alium
570 2912 697 2974 futurum
717 2921 853 2977 testatum
874 2933 945 2976 esse.
992 2919 1045 2977 His
1071 2920 1210 2979 Wicelius
1230 2917 1298 2978 velut

135 3021 229 3079 oleum
243 3023 354 3080 camino
370 3019 585 3079 subministrans
594 3018 743 3094 Philippus
752 3019 922 3082 Melanthos
937 3023 1027 3083 multo
1041 3025 1170 3098 apertius
1186 3028 1298 3085 mentem

137 3120 222 3184 eham
237 3126 299 3198 ejus
315 3143 386 3200 esse,
403 3125 634 3199 quamanimae,
650 3126 757 3200 scripto
772 3130 904 3186 testatur.
940 3129 979 3187 Ut
992 3130 1108 3187 interim
1128 3136 1299 3203 praeteream,

1330 2992 1337 3039 i

1331 3100 1337 3142 Ι

137 3247 200 3303 quae
224 3234 254 3288 in
269 3233 405 3306 optimum
421 3232 513 3290 airum
528 3231 624 3289 Vitum
639 3230 822 3290 Theodorum
843 3231 1040 3293 deblateravit.
1088 3234 1145 3294 Sed
1168 3235 1208 3295 ah
1223 3233 1301 3310 pudet
1333 3304 1337 3316 ι

138 3343 166 3411 et
186 3336 264 3396 dolet
285 3337 368 3409 anus
396 3337 545 3397 camerinae
564 3333 574 3370 ¹
607 3336 752 3397 hominurn
773 3337 819 3396 ael
838 3338 982 3398 audivisse
1006 3339 1050 3398 vel
1064 3340 1239 3416 meminisse,
1262 3335 1301 3413 qui

137 3443 258 3515 magiam
274 3448 304 3500 et
318 3442 480 3501 idolatriam
494 3442 643 3517 propalam
658 3440 839 3502 confitentur.

226 3547 303 3606 Nota
319 3548 354 3607 de
369 3549 471 3606 comite
486 3549 516 3606 in
531 3547 684 3622 Hispania,
711 3549 760 3621 qui
783 3565 932 3622 persuum
956 3548 1042 3609 fidum
1058 3548 1266 3611 cubicularium
1278 3563 1302 3607 se
1334 3511 1337 3529 Ι

134 3653 259 3727 jugulari
274 3659 426 3713 curaverat
440 3669 473 3712 ac
488 3653 600 3712 hmnari
613 3654 711 3726 jussit,
736 3670 855 3727 sperans
871 3671 902 3713 se
916 3656 993 3713 iutra
1015 3671 1126 3714 menses
1142 3656 1256 3731 aliquot
1266 3656 1302 3730 jc·

139 3766 335 3819 senescentem
359 3759 396 3819 ad
419 3760 506 3817 uitam
529 3757 625 3817 redire
641 3775 724 3832 posse
740 3765 793 3818 etc.
824 3765 853 3818 et
874 3759 951 3833 quod
974 3767 1082 3834 septem
1104 3763 1253 3823 mensibus
1266 3775 1302 3821 se·

138 3864 257 3935 pulchro
287 3869 389 3937 aperto
410 3865 542 3923 inventus
563 3865 600 3921 sit
622 3867 758 3936 tanquam
781 3863 923 3924 10100010
945 3872 1029 3926 utero
1050 3868 1150 3927 matris
1171 3881 1303 3938 crescent,

716 4002 731 4036 s

213 4093 223 4134 1
246 4085 376 4149 lhujusee
394 4086 485 4138 farina
503 4084 646 4138 bominum.
