2678 4546
124 199 275 273 adstringi.
300 199 445 258 Summam
459 195 535 256 euim
550 193 699 267 scripturae
715 207 778 251 esse
793 191 843 266 ait,
859 187 1050 249 verboinniti.
1074 185 1159 260 Quod
1174 186 1202 246 si
1214 183 1298 246 iecis-

124 308 198 377 sent,
222 303 325 376 inquit,
342 306 539 362 antecessores
554 298 645 359 nostri
661 302 690 356 et
704 313 762 356 non
776 296 872 371 potius
893 309 982 368 opera
997 292 1106 351 domini
1127 293 1237 351 imitari
1252 307 1298 351 vo·

125 410 256 480 luissent,
272 413 305 467 ut
321 408 394 466 alius
407 406 546 480 jejunium
560 408 730 478 perpetuum
745 403 799 462 sibi
813 402 869 476 ipsi
883 399 1115 474 praescripsisset,
1126 397 1203 461 alius
1216 397 1296 456 bere-

125 529 172 572 mo
186 512 319 573 babitare
335 511 497 586 delegisset,
513 509 701 582 interiioiens,
722 507 877 566 monachus
899 510 995 564 autem
1017 503 1165 574 solitarius
1181 504 1228 582 (at
1239 504 1297 563 bec

126 619 271 676 bominum
285 616 341 676 faex
357 632 413 689 qno
429 632 487 675 non
501 616 556 674 boo
566 630 628 672 aevo
643 607 902 685 circumcursitati)
913 610 1021 669 nonita
1036 607 1183 668 deviatum
1199 607 1297 668 fnisset

126 742 144 782 a
158 727 238 782 recto
252 722 332 781 uerbi
348 721 395 781 dei
419 721 565 781 intellectu
588 724 617 779 et
631 736 701 778 uera
715 715 771 776 fide
786 721 839 775 etc.
871 715 944 774 Item
960 713 1031 788 quid
1045 714 1099 773 sibi
1113 715 1187 774 velit
1200 713 1295 774 vocula

132 834 316 902 «suggeret»,
333 827 487 888 enarravit.
510 827 550 885 Et
564 830 597 883 ut
612 825 727 897 omnino
742 821 824 881 nobis
839 820 1087 896 persuaderemus,
1103 821 1129 878 si
1142 820 1193 880 vel
1206 821 1237 880 in
1251 835 1294 879 ne·

126 933 259 994 cessitate
279 934 409 1010 corporis
429 931 475 990 vel
498 931 600 991 animae
621 929 756 1003 periculis
780 933 831 1008 aut
852 926 938 985 etiam
957 925 1004 985 vel
1023 926 1054 983 in
1072 926 1225 1000 prosper-Is
1238 939 1293 984 suc

125 1039 252 1100 cassibus
274 1038 356 1097 nobis
379 1038 410 1096 in
430 1040 555 1094 mentem
579 1036 675 1098 veniat
698 1035 734 1094 de
754 1033 801 1092 dei
822 1032 965 1105 bonitate,
990 1047 1053 1091 eam
1075 1031 1295 1097 consolationem
1335 1078 1338 1111 ,

126 1144 224 1218 magni
238 1141 394 1214 iaciamus,
410 1139 526 1199 domino
543 1139 650 1213 gratias
665 1142 797 1212 agentes,
824 1137 1033 1210 recogitantes,
1057 1134 1088 1195 id
1102 1137 1202 1211 mado
1216 1136 1293 1211 huius

127 1249 246 1323 spiritus
261 1246 438 1320 suggestoris
462 1245 600 1318 paracleti
619 1243 682 1303 fieri
697 1250 751 1304 etc.
786 1242 975 1316 Concludens,
990 1246 1024 1301 ut
1039 1240 1133 1300 Deum
1150 1240 1211 1317 opt.
1223 1259 1293 1302 'maa

128 1367 305 1426 rogaremus,
321 1349 377 1410 duo
393 1351 475 1411 nobis
489 1351 551 1409 haec
564 1366 617 1422 per
632 1347 775 1409 Christum
789 1348 933 1423 impartiri
946 1346 1123 1422 dignaretur,
1146 1353 1180 1408 ut
1196 1348 1295 1408 scilicet
1330 1382 1338 1421 ,Γ

130 1457 248 1517 verbnm
264 1457 326 1528 ejus
341 1453 398 1514 fide
412 1472 486 1530 pura
499 1453 758 1528 apprehendamus,
774 1459 804 1513 et
819 1452 923 1513 deinde
943 1470 1000 1526 quo
1015 1452 1189 1528 spiritubus
1203 1458 1293 1514 sonmo
1326 1486 1338 1557 ¹,-

131 1563 201 1622 illnd
216 1562 380 1621 conservari
403 1566 433 1620 et
451 1559 488 1619 ab
510 1559 608 1618 eodem
629 1561 732 1633 spiritu
748 1559 845 1633 nobis,
870 1574 934 1631 quae
948 1556 1012 1618 Deo
1027 1559 1105 1632 patri
1119 1562 1151 1617 et
1165 1557 1226 1619 filio
1240 1560 1292 1635 pla·
1326 1586 1330 1635 ι

130 1670 187 1729 cita
196 1672 263 1727 sunt
270 1667 385 1740 suggeri
395 1666 491 1725 donet.
514 1666 607 1725 Nemo
616 1670 710 1725 autem
720 1680 835 1724 oxmeae
850 1662 951 1723 farinae
965 1662 1128 1723 hominibus
1143 1662 1231 1724 facile
1244 1666 1293 1740 spi·
1323 1642 1338 1755 J

131 1777 217 1835 ritum
226 1774 350 1833 Muscnli
361 1772 456 1831 verbis
466 1773 616 1846 exprimet.
639 1771 744 1830 Aiebat
755 1776 784 1830 et
797 1770 867 1829 illud
882 1769 978 1830 omnia
993 1785 1057 1842 quae
1072 1768 1133 1827 dixi
1148 1770 1231 1830 vobis
1246 1785 1294 1829 nou
1325 1764 1338 1829 3-

130 1880 204 1962 odeo
223 1877 439 1952 intelligendum
459 1877 495 1936 de
509 1876 595 1937 nudis
609 1875 715 1948 verbis,
740 1891 804 1933 oum
828 1875 1011 1948 evangelistae
1032 1873 1134 1934 eadem
1154 1892 1245 1949 opera
1256 1875 1294 1935 rel
1335 1910 1338 1915 -

132 1983 222 2043 verba
238 1983 343 2041 Christi
359 1982 408 2042 alii
422 1982 487 2041 aliis
502 1979 597 2040 uerbis
613 1981 783 2056 describant,
800 1981 852 2040 sed
862 1982 946 2053 juxta
960 1985 1068 2039 rectam
1083 1983 1264 2043 sententiam.
1336 2016 1338 2021 ·

222 2087 332 2147 Eadem
341 2087 485 2146 dominnm
492 2086 712 2146 Atrebatensem
723 2086 870 2146 conveniri
884 2083 1076 2158 cupiebamus.
1100 2087 1210 2146 Verum
1224 2091 1295 2164 post·

31 2169 35 2176 ⁵
134 2209 220 2265 quam
236 2190 343 2250 diutius
359 2190 585 2264 deambulatum,
606 2191 713 2264 prodiit
726 2191 842 2250 tandem
856 2195 1009 2265 paternum
1022 2191 1180 2264 hospitium
1194 2193 1296 2254 adiens.
1330 2232 1338 2271 ,

133 2296 220 2355 Tanti
235 2300 331 2353 autem
346 2298 430 2353 erant
444 2294 593 2368 petitores,
609 2299 642 2353 ut
656 2295 738 2354 nobis
754 2311 817 2354 eum
834 2296 941 2368 ulloqui
956 2310 1014 2353 uon
1028 2295 1152 2354 licuerit.

221 2400 267 2459 Ad
287 2399 402 2474 prandii
421 2400 520 2459 horam
541 2400 763 2460 illustrissimum
784 2399 812 2459 d.
834 2400 977 2460 Joannem
995 2399 1177 2460 Fridericum
1198 2400 1296 2460 electo

133 2522 194 2566 rem
216 2506 402 2566 visitavimus.
445 2505 555 2565 Mensae
577 2506 743 2578 assidebant
766 2506 915 2580 Philippus
939 2509 968 2565 et
989 2504 1120 2585 Eubulus
1143 2506 1298 2565 eomitosa

133 2610 274 2671 Waldeck
295 2610 415 2685 fratres,
439 2610 582 2670 Henricns
596 2611 669 2670 baro
684 2629 702 2670 a
717 2610 969 2684 Scbwmtzenberg
984 2614 1013 2668 et
1028 2608 1143 2669 Tadere
1157 2610 1297 2686 Ηίιραιιιι

133 2721 164 2773 et
183 2716 315 2774 electoris
333 2715 521 2776 concedarius
540 2717 713 2775 Minckwitz.
758 2717 875 2776 Elector
896 2732 928 2775 se
949 2717 1032 2776 nobis
1043 2701 1298 2775 ‘clementissimum

135 2817 278 2890 exhibuit,
301 2818 482 2892 interrogans
502 2818 538 2878 de
557 2821 592 2878 iis
616 2821 724 2894 etiam,
739 2837 802 2893 quae
824 2820 932 2879 bomini
946 2823 976 2879 in
1000 2820 1089 2880 mutis
1103 2818 1299 2880 afflictionibus

133 2925 279 2982 memoriae
295 2939 359 2982 esse
373 2924 504 2982 miraculi
518 2925 579 2985 vice
595 2925 720 2984 duxeris.
757 2926 797 2984 Et
811 2941 874 2984 oum
888 2925 995 2999 optimo
1015 2926 1139 3000 principi
1153 2943 1220 2999 meo
1234 2939 1298 2986 uxo

134 3029 232 3102 risque
247 3030 361 3088 nomine
376 3028 412 3088 de
427 3028 554 3090 exhibita
568 3029 651 3090 nobis
666 3031 815 3091 clementia
830 3031 938 3105 gratias
954 3047 1078 3104 agerem,
1098 3032 1259 3106 respondit,
1272 3044 1299 3089 sa

136 3135 232 3194 omnia
250 3132 438 3193 libentissime
452 3134 568 3209 fecisse,
594 3141 624 3194 et
641 3137 666 3194 si
689 3152 746 3209 qua
766 3138 796 3194 in
810 3152 843 3195 re
862 3136 1010 3209 utriusque
1025 3151 1086 3194 rem
1101 3141 1215 3208 gratam]
1230 3149 1298 3211 prae·

135 3245 213 3300 stare
227 3240 309 3299 nobis
324 3243 431 3314 posset,
446 3239 487 3299 illi
502 3256 613 3315 semper
629 3241 658 3300 id
672 3242 776 3316 volupe
790 3238 926 3299 intnrum.
965 3240 1137 3300 consolatur
1157 3254 1298 3301 eumaem

136 3361 189 3404 sno
203 3343 351 3418 paracleto
371 3344 435 3420 illo,
461 3347 510 3419 qui
532 3362 628 3407 omnes
648 3344 818 3406 afflictiones
836 3345 922 3419 bujns
942 3346 1080 3420 principis
1101 3347 1132 3404 in
1151 3360 1299 3408 munusue

135 3448 500 3524 composuissemus.
542 3453 635 3527 Huius
657 3453 794 3527 principis
816 3449 1049 3510 tribulationibus
1068 3456 1098 3510 et
1116 3449 1180 3510 baec
1195 3451 1298 3526 abacis

136 3560 189 3627 est,
205 3559 237 3612 ut
251 3559 389 3615 traotmus
405 3559 656 3621 interMauritium
672 3564 701 3618 et
715 3558 808 3633 ipsum
823 3557 1072 3629 protraherentur,
1088 3572 1123 3616 eo
1139 3558 1219 3630 quod
1233 3570 1297 3619 cou-

134 3659 258 3719 missarii
272 3663 412 3722 nominari
427 3664 593 3737 nequibant.

223 3765 336 3828 Deinde
359 3768 446 3828 animi
469 3771 562 3842 gratia
588 3769 666 3827 intra
687 3768 787 3827 urbem
808 3766 1002 3826 deambulanti
1031 3765 1144 3826 obviam
1170 3761 1297 3829 nobisit

134 3871 285 3947 angerns
304 3873 376 3932 alboe
392 3873 506 3947 gallinoe
523 3878 552 3931 et
566 3872 634 3931 solis
648 3870 733 3948 iilius,
757 3873 849 3933 Iberis
864 3871 919 3931 sibi
939 3873 1048 3948 aliquot
1067 3872 1223 3950 adjunctis,
1245 3874 1297 3949 ipsa

135 3978 416 4053 planeHispanious.
804 4009 808 4017 ·

226 4082 272 4142 De
286 4083 400 4143 interim
415 4082 525 4156 aliquot
538 4083 657 4158 paginas
671 4085 799 4160 legimus.
