2678 4546
117 217 243 278 carmine
257 214 428 275 nobilitavit.
459 211 516 272 Uni
532 211 666 285 trinoque
681 209 736 271 deo
750 209 788 268 515
801 205 898 269 fausta
911 207 1053 283 potestas!
1077 205 1234 269 0515551111
1249 211 1286 269 29
1325 198 1329 241 :

117 323 227 396 Aprilis
241 323 271 380 in
288 319 399 393 capella
413 317 535 377 Nicolai.

206 425 391 485 Fraucisoum
411 421 500 481 filium
525 427 554 481 et
575 420 784 480 Elisabetulam
809 416 897 479 filiam
920 422 1049 478 nostram
1069 418 1288 493 benignissimus

119 533 190 592 deus
210 532 240 588 in
258 530 434 601 mansiones,
464 528 499 586 de
520 528 622 600 quibus
643 529 774 586 seruator
794 529 908 598 noster,
933 523 1063 582 dominus
1086 529 1188 584 noster
1207 526 1288 584 Jesus

120 637 247 696 Christus
275 633 464 693 indubitatam
484 632 566 692 nobis
587 648 667 705 spem
689 627 773 702 lecit,
794 631 920 703 recepit,
936 645 1020 689 55151
1034 629 1155 688 fratrem
1171 646 1230 690 uuo
1246 632 1287 690 die
1326 620 1330 692 ἲ

120 760 156 802 ex
170 743 223 799 hac
242 741 433 812 lacrymarum
451 737 526 797 valle
547 736 711 797 excedendo
730 735 891 811 pracessit,
916 734 1087 803 lhmciscus
1110 737 1129 792 7
1146 735 1287 796 Martiiiu

121 847 234 908 Christo
248 844 334 918 obiit,
357 843 441 903 ambo
461 845 491 901 in
510 843 630 902 ecclesia
648 840 807 914 parochiali
821 839 965 899 Waldeck
983 827 1286 912 inpraesentiarium

119 954 349 1024 materterarum,
366 954 502 1022 nepotum
516 954 546 1007 et
560 947 709 1018 utriusque
728 945 857 1017 parentis
872 949 959 1002 terrae
973 944 1159 1019 mandantur,
1176 947 1286 1019 quosiu

120 1056 330 1117 resurrectione
351 1054 438 1114 beata
457 1069 558 1112 rursus
573 1049 671 1110 videre
685 1049 767 1108 uobis
782 1049 822 1123 is,
838 1050 869 1107 iu
883 1051 965 1123 cujus
979 1065 1067 1109 manu
1080 1052 1142 1110 vita
1156 1059 1187 1111 et
1202 1053 1286 1112 exitus

119 1161 220 1222 mortis
236 1166 311 1231 sunt,
328 1159 425 1217 donet.
447 1156 533 1215 Anno
548 1154 654 1214 domini
672 1154 766 1212 1551.
804 1153 945 1212 Herulum
959 1170 1050 1228 snum,
1068 1155 1105 1214 de
1121 1158 1205 1231 cujus
1219 1158 1285 1217 1551·

120 1267 211 1324 vitate
225 1268 284 1322 tam
300 1261 456 1320 christiana
470 1261 598 1334 scripsit,
618 1260 784 1319 Joachimus
798 1257 957 1332 Happelius
972 1274 989 1316 5
1003 1258 1182 1335 Bidencapio
1198 1263 1287 1321 oriun-

120 1370 174 1430 dus
189 1373 277 1443 poeta
290 1368 321 1424 in
336 1367 452 1425 domino
466 1363 648 1424 obdormiens
663 1364 764 1424 eodem
779 1380 855 1424 anno
870 1370 1067 1438 praecesserat.

210 1473 323 1532 Pietate
344 1475 373 1530 et
395 1446 526 1529 doctrina
543 1469 795 1543 praestantissimus
814 1469 955 1542 medicus,
979 1456 1080 1529 doctor
1103 1469 1288 1546 Burgkardus
1324 1532 1331 1540 ,

121 1576 288 1648 Mithobius,
305 1593 323 1634 a
338 1577 423 1650 longe
437 1575 615 1649 prospiciens
631 1579 768 1647 quantum
783 1574 923 1631 malorum
942 1589 1022 1632 mare
1036 1573 1207 1647 reipublice
1220 1576 1288 1636 chri-

121 1684 222 1742 stianae
237 1697 304 1740 vere
319 1682 433 1754 piorum
454 1684 483 1738 et
504 1680 652 1738 doctorum
667 1679 795 1737 virorum
808 1694 885 1736 mors
899 1678 1024 1754 invehat,
1048 1681 1099 1752 qui
1114 1681 1287 1756 abeniguis·

125 1789 197 1847 simo
213 1788 268 1846 deo
283 1791 366 1859 patre
388 1788 525 1857 tanquam
545 1781 597 1841 filii
612 1782 708 1842 dilecti
724 1788 752 1842 et
774 1783 817 1841 illi
831 1784 989 1842 charissimi
1004 1800 1023 1843 a
1036 1783 1110 1844 facie
1125 1786 1244 1845 malitia
1257 1803 1289 1846 cx

122 1894 177 1952 hoc
190 1889 296 1951 mundo
317 1889 473 1962 tolluntur,
497 1904 534 1946 ne
557 1887 674 1947 videant
689 1889 865 1948 calamitates
880 1894 910 1946 55
923 1890 1068 1964 miserias,
1083 1908 1157 1964 quas
1171 1892 1288 1967 iugrati-

121 1996 190 2059 tudo
206 2000 236 2055 et
251 1995 379 2054 enormia
397 1993 508 2053 scelera
528 1997 628 2052 nostra
646 1994 676 2051 in
699 2009 750 2051 nos
765 1999 927 2068 accensent,
943 1993 1006 2055 hac
1019 1994 1058 2054 ad
1073 2012 1127 2057 nos
1141 2012 1159 2055 e
1174 1996 1289 2058 Cassilia

123 2101 163 2177 xij
178 2101 286 2175 Aprilis
302 2116 378 2159 anuo
396 2099 479 2157 1549
496 2098 677 2171 perscripsit:
700 2097 783 2156 Vitus
799 2095 970 2158 Theodorus
989 2099 1110 2159 sabbato
1131 2106 1199 2174 post
1214 2101 1290 2160 Oculi

122 2207 199 2266 uiam
212 2205 354 2262 uuiversae
369 2204 463 2261 carnis
478 2204 625 2277 ingressus
640 2206 670 2261 55
685 2200 786 2261 (155551
801 2201 972 2277 0155155115
990 2203 1211 2280 Wittemberga
1225 2205 1290 2267 obiit

124 2315 178 2369 555.
201 2310 303 2382 Parce,
320 2326 381 2383 oro,
397 2323 482 2382 parce
496 2308 603 2382 populo
618 2313 677 2382 tuo,
694 2322 711 2364 o
727 2306 849 2368 domine.

212 2413 297 2472 Anno
318 2411 473 2472 salutiferae
494 2413 699 2487 redemptionis
718 2419 824 2471 nostrae
848 2413 931 2470 1549
955 2389 1001 2472 die
1021 2428 1091 2473 vero
1118 2415 1157 2472 15
1174 2413 1290 2473 Decem·

125 2519 186 2579 bris
206 2519 309 2577 timore
330 2517 446 2576 tandem
465 2519 701 2577 christianissima
723 2518 856 2591 princeps
878 2517 1023 2579 0111155115
1040 2536 1148 2592 magna
1170 2521 1290 2580 onmium

123 2624 263 2684 bonorum
278 2623 377 2682 dolore
394 2622 521 2681 Cassiliae
537 2623 613 2680 diem
629 2622 730 2680 clausit
745 2627 917 2696 extremum,
939 2625 1093 2696 quainter
1108 2630 1222 2685 ceteras
1236 2627 1289 2685 vir·

122 2735 198 2789 tutes
214 2730 262 2786 vix
277 2728 428 2788 credibiles
444 2729 604 2801 exemplum
619 2728 766 2802 patientiae
782 2727 920 2786 exhibuit.
943 2729 1018 2787 Filia
1032 2728 1088 2789 init
1101 2731 1164 2789 haec
1179 2729 1291 2804 Georgii

124 2834 268 2892 Saxonum
283 2833 372 2904 ducis,
389 2832 562 2891 marchionis
577 2831 701 2906 Misniae,
718 2831 891 2905 landtgravii
906 2833 1083 2906 Thuringiae.
1122 2834 1201 2894 Huic
1214 2853 1289 2896 sauc-

124 2937 240 2995 tissimae
255 2939 356 3009 patriae
371 2939 457 2996 matri
473 2937 624 3012 Philippus
640 2936 788 2995 0555511111
808 2939 955 3011 princeps,
978 2954 1072 2997 comes
1092 2938 1290 3002 Gattamelibo·

125 3042 185 3115 ciae,
201 3041 247 3098 cui
262 3057 441 3100 numerosam
466 3043 576 3115 prolem
592 3042 740 3113 utriusque
756 3058 841 3100 sexus
856 3044 987 3117 reliquit,
1013 3045 1135 3103 maritus
1151 3044 1291 3105 Oddeuaw
1327 3031 1330 3039 ’

124 3146 207 3205 modo
230 3147 260 3203 in
282 3147 414 3205 custodia
437 3146 568 3206 detentus
596 3163 659 3205 cum
681 3147 811 3206 omnibus
835 3148 889 3220 piis
916 3149 1029 3208 beatam
1054 3153 1292 3210 resurrectionem

124 3257 214 3326 optat.
238 3251 305 3309 Filii
320 3268 356 3310 ex
369 3252 424 3309 hoc
439 3254 543 3312 marito
558 3252 652 3310 adhuc
667 3251 834 3326 superstites
850 3252 1091 3312 suntGuihelmus
1107 3262 1181 3316 natu
1195 3259 1291 3332 nmjor,

125 3354 294 3428 Ludovicus,
310 3356 460 3429 Philippus
476 3362 505 3415 et
520 3355 670 3429 Georgius
687 3356 750 3414 duae
765 3355 832 3415 filiae
847 3358 954 3432 lignea,
970 3359 1110 3418 1151111515
1127 3360 1294 3423 1111518515-

125 3461 180 3516 niae
195 3459 314 3517 electori
334 3459 371 3536 (si
386 3460 441 3518 diis
456 3461 563 3536 placet)
585 3467 690 3536 nupto,
713 3461 801 3536 digna
817 3464 935 3522 meliore
949 3460 1080 3536 fortuna,
1100 3463 1291 3525 1111511511-

125 3564 212 3637 gangi
236 3563 315 3622 ducis
333 3565 453 3637 palatini
472 3567 502 3624 iu
521 3566 692 3638 Zwebruck,
717 3567 827 3626 comitis
848 3569 879 3626 11
897 3568 1037 3627 Veldentt
1061 3585 1150 3646 uxor,
1178 3573 1293 3646 reliqua

124 3674 183 3727 tres
190 3668 227 3727 N.
236 3668 273 3726 N.
282 3669 319 3727 N.
336 3668 428 3728 adhuc
443 3671 495 3728 sub
511 3669 668 3729 nutricibus
685 3672 800 3745 degunt.
824 3673 970 3732 Memento
986 3674 1154 3749 aliquando,
1171 3675 1292 3748 domiue,

125 3774 327 3832 misericordia
342 3780 399 3833 tua
415 3779 444 3833 et
455 3772 616 3833 afflictionis
627 3775 727 3834 domus
735 3775 883 3836 Cattorum
895 3779 979 3850 juxta
989 3779 1199 3854 benignitatem
1207 3786 1292 3853 tuam,

125 3885 155 3937 et
168 3877 223 3936 hoc
236 3885 355 3952 propter
369 3881 388 3937 J
391 3895 469 3938 esum
485 3878 629 3938 Christum
643 3879 732 3938 filium
746 3886 835 3941 tuum.
867 3882 968 3942 Amen.

337 4022 390 4071 llio
409 4021 542 4071 christina
554 4022 633 4085 jacet,
652 4025 744 4088 genuit
762 4040 839 4089 quam
858 4026 1067 4090 erronearum,

372 4110 524 4162 0515515511
543 4110 658 4175 thalami,
678 4112 749 4164 clare
766 4111 899 4180 Philippa,
916 4115 961 4164 tui.
