2678 4546
69 252 121 297 uos
133 236 244 310 Justnm
258 234 315 297 Dei
324 233 465 309 judicium
479 235 509 294 ιιι
522 236 579 295 hoc
592 250 838 309 cognosceremus.
871 233 945 307 Quia
964 236 1041 294 enim
1061 235 1156 295 Judaei
1175 250 1243 294 con·

68 346 115 401 tra
133 342 339 401 conscientiam
358 341 508 400 veritatem
523 341 559 400 da
574 337 701 399 salvifica
720 341 932 400 resurrectione
947 339 1054 400 Christi
1075 341 1184 401 domim
1198 355 1244 399 re·

69 448 165 520 cipere
184 446 358 519 abnuebant,
382 445 513 519 permissi
534 450 601 504 sunt
623 444 687 518 sibi,
712 452 744 505 ut
763 447 813 520 iis,
838 448 887 521 qui
908 447 944 506 ob
964 447 1145 521 pecuniolam
1165 463 1244 504 men·

68 550 183 627 dacium
201 552 259 612 hoc
277 551 314 613 de
333 551 412 611 furto
431 550 529 611 ablato
550 550 657 611 Christi
676 568 798 626 corpore
817 549 971 625 finxerunt,
995 549 1082 611 fidem
1095 551 1244 624 habereut,

67 658 154 732 idque
176 657 304 719 Sathena
324 664 355 717 ιι
377 658 533 731 instigante
554 664 584 716 at
606 664 789 732 cooperante.
828 657 914 729 Sunt,
937 659 1044 732 inquit,
1067 657 1123 717 hoc
1144 663 1245 717 nostro

67 778 140 834 sevo,
157 764 208 837 qui
221 770 340 838 accepta
354 765 476 837 pecunia
490 764 676 835 mentiuntur,
700 765 748 837 qui
764 762 912 822 mendacio
927 765 1022 836 potius
1037 781 1123 837 qaam
1137 764 1244 839 agnita

66 869 185 929 veritati
199 869 316 928 credere
331 869 449 927 malunt.
481 867 539 929 Sed
560 869 636 929 unde
656 871 711 929 nisi
733 885 769 927 ex
788 874 915 942 peccato,
940 869 1017 942 quod
1037 869 1150 929 obviam
1169 871 1242 930 veri·

65 979 157 1033 tatem
171 959 331 1048 respuunt?
362 974 498 1049 Allegans
518 975 548 1033 in
567 974 621 1034 hoc
642 975 736 1034 locum
757 976 841 1035 Pauli
859 975 897 1034 ad
916 973 970 1034 Ro.
991 979 1019 1033 1.
1052 976 1092 1034 Et
1106 975 1242 1051 quemad·

65 1077 182 1141 modum
199 1097 257 1140 uon
276 1079 480 1156 probaverunt,
504 1085 536 1138 ιιι
557 1079 652 1139 Deum
671 1087 869 1155 agnoscerent,
893 1081 934 1138 ita
954 1080 1074 1140 tradidit
1095 1098 1145 1141 eos
1164 1081 1243 1141 Deus

64 1185 95 1243 ιιι
109 1185 265 1260 reprobam
285 1191 419 1257 mentem,
442 1192 476 1244 ut
493 1184 623 1245 iacerent
642 1203 705 1259 quae
725 1203 783 1247 nou
802 1187 963 1247 veniebant.
996 1187 1043 1246 Sic
1064 1192 1094 1246 ιι
1108 1203 1184 1247 nnnc
1198 1186 1241 1246 di·

64 1292 155 1363 citur,
181 1293 314 1350 amultis
334 1292 416 1350 annis
435 1291 491 1349 hoe
512 1290 641 1364 duravit,
666 1292 718 1352 sed
740 1291 778 1351 ab
799 1293 834 1351 iis
854 1298 980 1366 tantum,
1004 1295 1053 1366 qui
1073 1293 1184 1352 malunt
1197 1294 1240 1351 in·

64 1393 152 1473 ducto
167 1397 260 1454 errori
275 1412 309 1455 ac
324 1396 496 1470 evangelica
511 1398 625 1457 veritati
641 1399 767 1458 credere.
800 1399 896 1471 Quare
918 1397 1028 1458 accidet
1043 1399 1140 1472 ethis,
1165 1396 1243 1472 quod

63 1500 176 1560 Judaeis
191 1501 346 1561 incredulis
362 1503 465 1562 ιιιιιιι.
504 1503 594 1562 Satan
609 1503 693 1575 enim,
717 1509 801 1576 pater
821 1504 1034 1563 mendaciorum
1054 1506 1132 1579 ipsos
1147 1519 1182 1564 ιο
1196 1503 1240 1563 in·

64 1605 159 1678 duxit,
181 1611 216 1665 ut
234 1623 339 1682 papam
361 1613 391 1667 et
410 1624 477 1667 suos
503 1615 532 1668 et
553 1610 688 1682 quicquid
709 1611 933 1684 excogitaverint
955 1609 1053 1682 avide,
1077 1615 1242 1684 contempto

64 1712 229 1785 evangalio,
250 1714 400 1787 arripiant.
437 1713 537 1773 Intulit
556 1720 586 1773 et
605 1714 651 1772 hic
670 1716 746 1774 inter
766 1716 823 1776 alia
842 1716 964 1790 insignia
983 1721 1012 1774 ιι
1027 1717 1156 1775 enormia
1170 1712 1239 1772 iaci·

64 1832 136 1875 nora
157 1817 336 1891 papistarum
355 1820 584 1878 nocentissimum
605 1819 677 1879 illud
696 1827 885 1880 commentum
904 1821 1125 1894 praedicatorum
1141 1835 1239 1879 mona·

65 1919 183 1980 chorum
203 1923 235 1982 in
254 1924 371 1984 Verona
389 1930 595 1999 perpetratum,
619 1925 697 1998 quod
717 1928 748 1984 in
771 1925 901 1985 omnibus
923 1925 1051 2000 pistrinis
1071 1925 1241 1999 popinisque

65 2026 160 2086 notius
176 2032 233 2101 est,
255 2046 341 2102 quam
361 2035 394 2089 ut
414 2031 460 2088 hic
479 2029 585 2090 ascribi
605 2036 758 2090 mereatur.
789 2032 861 2090 Item
883 2031 919 2090 de
933 2031 1132 2090 Franciscanis
1148 2036 1177 2090 et
1190 2026 1240 2089 fic·

66 2130 130 2190 ticio
153 2140 367 2208 personamque
390 2151 489 2195 eorum
516 2135 632 2196 Christo
661 2136 743 2214 (puto
771 2139 961 2211 stigmaticum
990 2133 1187 2210 Franciscum)
1211 2141 1242 2195 et

10 2306 17 2317 „
68 2240 205 2310 quomodo
221 2239 383 2300 hominesa
403 2240 517 2302 Christo
539 2241 578 2300 ad
597 2243 714 2315 propria
735 2258 824 2316 opera
843 2243 1041 2314 avocaverint,
1065 2258 1130 2301 cum
1144 2240 1257 2301 tamen

12 2348 16 2357 “
69 2344 134 2403 nulli
148 2361 276 2419 unquam
290 2347 347 2405 nisi
362 2363 398 2408 ex
412 2348 539 2420 gratuita
554 2346 609 2406 Dei
624 2347 820 2406 misericordia
840 2364 894 2422 per
914 2349 1047 2406 meritum
1063 2346 1169 2406 Christi
1185 2345 1241 2407 fide

10 2464 28 2529 ι·
71 2453 275 2525 apprehensum
290 2452 368 2511 salus
383 2453 537 2526 contigerit
552 2459 605 2512 etc.
637 2453 788 2512 Postremo
804 2468 932 2525 monens,
956 2469 993 2512 ne
1015 2458 1045 2511 et
1059 2470 1111 2512 nos
1127 2468 1241 2527 qnoque

10 2588 38 2633 g
71 2557 211 2630 spiritibus
231 2559 340 2619 erroris
359 2558 508 2632 praeterita
526 2559 647 2616 veritate
670 2557 775 2616 Christi
796 2558 986 2632 crederemus,
1010 2573 1046 2616 ne
1067 2557 1150 2617 nobis
1164 2559 1241 2617 idem

36 2676 42 2687 ·
75 2662 141 2734 quod
158 2663 269 2723 Judaeis
289 2668 320 2721 ιι
338 2662 523 2736 Antichristo,
549 2663 608 2736 qui,
631 2663 733 2736 inquit,
757 2679 815 2722 non
834 2679 908 2721 unus
930 2668 982 2735 est,
1007 2662 1059 2722 sed
1079 2665 1241 2737 quicunque

75 2781 147 2841 papae
166 2773 197 2828 ιι
214 2769 274 2828 suis
294 2768 458 2841 adhaerent,
482 2769 561 2842 quod
580 2785 597 2828 a
618 2768 699 2828 nobis
720 2769 866 2842 piissimus
885 2768 1017 2827 dominus
1037 2773 1136 2829 noster
1154 2769 1241 2829 Jesus

25 2886 39 2939 ἰ
78 2868 195 2933 Christus
209 2891 263 2948 per
278 2891 359 2933 suam
373 2874 528 2948 gloriosam
542 2875 781 2933 resurrectionem
796 2879 918 2933 avertat.
949 2874 1050 2934 Amen.

32 3004 42 3049 ⁴.
151 2979 263 3039 Eadem
277 2986 343 3040 erat
356 2981 438 3039 uobis
453 2979 564 3038 animus
580 2979 795 3038 diminutionem
812 2981 958 3054 sanguinis
972 2979 1077 3054 facere,
1104 2980 1155 3040 sed
1170 2981 1238 3054 quia

77 3086 100 3140 ιι
111 3082 172 3142 heri
186 3091 216 3144 et
229 3085 317 3145 hodie
331 3102 383 3145 aer
397 3090 545 3160 suspectus
561 3090 637 3156 erat,
662 3085 777 3144 anobis
792 3085 983 3146 intermissum
999 3092 1051 3145 est.

153 3189 264 3274 Eadem
279 3192 359 3250 curia
373 3191 572 3250 Atrebatensis
587 3190 737 3264 repetitur,
763 3190 811 3249 ubi
831 3193 869 3250 ed
886 3192 1102 3250 sollicitationes
1117 3189 1240 3250 aderant

74 3289 310 3369 Constantienses,
332 3296 460 3356 Udelrici
483 3297 563 3356 ducis
586 3295 740 3354 consiliarii
762 3302 792 3354 ιι
814 3293 912 3355 afflicti
933 3295 1113 3353 Bremenses.
1153 3295 1240 3354 Venit

70 3398 279 3463 ttFranciscus
295 3399 445 3460 Conradus
460 3416 478 3459 a
494 3400 656 3474 Sickingen,
673 3398 795 3459 afferens
811 3402 1046 3474 supplicationem
1063 3400 1108 3477 (ut
1122 3399 1238 3476 vocant)

69 3502 177 3565 Nicolai
191 3505 229 3565 ab
242 3506 391 3565 Hattstein
406 3510 593 3579 cognatorum
609 3507 678 3579 ejus.
709 3507 781 3564 Item
795 3507 814 3565 J
816 3523 922 3565 oannes
943 3522 1037 3565 comes
1058 3523 1076 3565 a
1092 3506 1241 3581 Sarbruglr

55 3613 98 3668 ιιι
115 3610 239 3684 Nasson,
262 3612 331 3670 itam
352 3609 473 3670 Carolus
497 3627 515 3668 a
537 3610 669 3669 Stoclrem
691 3610 843 3682 praefectus
870 3613 900 3669 in
920 3610 1069 3684 Weilburg
1092 3611 1240 3670 nobiscum

52 3715 165 3783 ,eodem
184 3716 246 3776 luto
267 3717 390 3789 haereus,
414 3717 464 3790 qui
485 3717 537 3789 ait,
560 3732 591 3774 se
614 3732 632 3773 a
653 3715 777 3790 quodam
799 3718 942 3792 accepisse
963 3723 992 3776 ιι
1013 3718 1122 3777 canitis
1144 3717 1189 3775 sui
1212 3720 1242 3772 et

55 3829 191 3895 'jotham
205 3837 322 3882 causam
337 3821 444 3881 Caesari
458 3820 579 3879 relatam
595 3837 665 3879 esse.
697 3821 773 3881 Dum
793 3827 890 3881 autem
909 3824 1014 3883 ibidem
1030 3823 1171 3895 integram
1187 3818 1239 3877 ho-

68 3940 128 3987 ram
149 3928 372 4001 desedissemus‚
403 3927 533 3986 Eubulus
555 3926 740 3986 Leouardum
763 3926 967 3987 cubicularium
989 3926 1119 4000 praesulis
1143 3928 1236 3998 rogat,

65 4035 104 4091 -ιι
112 4033 181 4092 uelit
194 4032 232 4093 ad
244 4034 347 4092 herum
362 4049 444 4092 suum
458 4033 568 4090 intrare
589 4049 622 4091 ac
642 4035 732 4092 nostri
753 4035 868 4092 nonina
883 4032 1042 4106 deprecari,
1067 4037 1099 4088 ut
1113 4030 1158 4088 vel
1173 4034 1237 4089 tan·

77 4132 134 4194 dem
146 4139 279 4198 comitum
293 4155 312 4197 a
324 4137 466 4198 Waldeek
479 4139 651 4199 mentionem
667 4140 774 4199 habere
796 4139 890 4198 ιι11ιι.
930 4136 985 4208 Qui
1000 4137 1101 4209 gallice
1117 4149 1237 4210 respon-

116 4252 223 4297 wuuees
1005 4243 1023 4300 5
