2678 4546
618 48 680 119 ttl

57 237 127 299 tiuoi
148 234 285 297 dominici
306 234 480 311 preposito
505 234 651 296 nobiscum
673 237 808 297 noticiam
829 238 894 298 iniit
917 253 952 297 ao
975 238 1042 297 vina
1063 239 1233 311 pretiosum.

58 341 175 403 Deinde
187 341 342 415 hospitium
349 340 495 401 Wilhshni
509 346 683 416 repetentes,
699 348 734 402 ut
747 359 795 402 res
809 348 967 403 evenerant
979 343 1022 402 illi
1029 341 1233 415 referebamus,

59 453 178 509 orantes
191 452 225 506 ut
239 448 302 522 ipse
317 446 354 506 ah
368 445 583 521 archiepiscopo
599 447 804 522 sciscitaretur,
827 448 962 521 quidnam
976 449 1175 509 Atrebatensis
1188 466 1233 509 re-

58 552 237 630 spondisset,
265 551 345 626 quod
370 557 401 611 et
422 568 453 611 se
477 549 617 612 facturmn
641 554 780 626 promisit.
819 553 906 627 Apud
929 555 1004 613 huuc
1024 556 1101 613 inter
1124 560 1235 614 ceteros

57 674 183 733 pransus
202 663 267 719 erat
285 655 508 731 christophorus
527 658 659 732 princeps
680 658 899 733 aWirtenherg
913 665 942 717 et
956 675 1049 719 comes
1065 658 1233 719 hloutisbel-

57 764 176 839 licurdi,
199 762 305 824 Petrus
319 780 337 823 a
352 763 483 837 Kunritz,
498 763 620 823 Joannis
635 763 777 822 Friderici
793 765 925 823 electoris
941 764 1148 839 marschalcus,
1169 766 1234 825 Fri·

58 870 174 931 dericus
188 869 226 930 ab
240 868 410 944 Oettingen,
427 868 514 929 Ottho
528 885 547 929 a
562 868 766 943 Sciraumberg,
783 877 812 929 et
828 869 997 929 Wilhelnms
1011 887 1030 929 o
1044 869 1235 944 Witgenstein

57 977 187 1039 comitor.
738 956 741 962 ‘

88 1094 96 1107 ·
148 1080 263 1141 Eadem
284 1081 341 1140 emi
362 1080 501 1155 jussimus
528 1080 681 1155 pugionem
703 1079 871 1140 deauratum
892 1079 1085 1141 hilibaldicum
1104 1082 1135 1140 in
1155 1098 1235 1141 usmu

57 1186 208 1249 wilhelmi
221 1187 333 1247 comitis
348 1187 386 1247 ch
400 1185 587 1260 Henneherg,
610 1202 693 1260 quem
709 1192 771 1244 cunt
786 1188 882 1260 magui
904 1187 960 1244 emi
980 1192 1160 1260 putaremus,
1183 1204 1236 1261 pro

56 1310 117 1354 uuo
131 1293 247 1353 thalero
263 1291 498 1366 comparavimus.

145 1397 282 1458 Hmccine
297 1397 360 1458 dies
375 1397 480 1470 docuit,
497 1410 583 1470 quam
598 1411 696 1455 verum
704 1399 750 1471 sit,
766 1398 807 1456 ita
816 1414 834 1456 a
843 1404 948 1458 natura
957 1402 1152 1471 comparatum
1163 1416 1235 1467 csse,

56 1510 88 1564 ut
102 1500 318 1578 potentioribus
331 1502 527 1576 blandiamur,
551 1502 663 1561 etiamsi
679 1517 777 1562 eorum
792 1505 902 1562 animos
916 1504 1006 1579 prohc
1026 1520 1096 1579 erga
1114 1520 1167 1565 nos
1186 1522 1235 1565 ex·

59 1609 138 1684 perti
151 1608 251 1683 simus,
266 1623 303 1669 no
317 1607 354 1669 de
367 1607 456 1667 illatis
470 1607 584 1682 injuriis
599 1606 700 1666 dicam.

148 1714 243 1775 Adest
256 1719 288 1775 ct
300 1712 348 1773 hic
361 1714 500 1789 Augustae
514 1713 643 1773 Joennes
657 1713 793 1774 Kesseler
808 1714 924 1774 Kalden
939 1714 1161 1775 Fritzlariensis.

151 1818 276 1881 Domine
298 1819 382 1895 deus,
406 1821 437 1879 in
458 1821 539 1895 cujus
559 1835 645 1878 manu
666 1835 764 1879 omnes
783 1819 855 1879 fines
875 1827 962 1879 terrae
977 1826 1043 1879 sunt
1056 1836 1111 1879 nec
1130 1837 1189 1881 non
1207 1828 1238 1881 ot

59 1925 149 1987 corda
169 1940 273 2000 rogum
293 1931 325 1984 et
345 1926 521 2002 principum,
551 1925 601 1999 qui
624 1924 699 1985 nosti
722 1926 808 1984 ctiam
830 1925 887 1985 tuis
908 1942 943 1984 cx
964 1927 1085 1985 inimicis
1114 1927 1235 1987 salutem

58 2031 144 2107 dare,
164 2046 204 2093 uc
217 2031 296 2091 sinam
309 2032 394 2105 exugi
407 2032 579 2106 pauperiem,
590 2046 704 2105 eorum,
727 2032 829 2105 quihus
844 2048 890 2091 me
905 2048 1030 2106 proeesse
1048 2033 1177 2107 voluisti,
1200 2051 1236 2093 ne

59 2139 251 2201 clnmnietnr
264 2140 341 2199 inter
356 2154 406 2198 eos
420 2153 524 2197 nomen
538 2143 619 2196 tunm
634 2143 663 2196 et
677 2137 780 2212 pupilli
794 2153 829 2196 ac
843 2136 937 2197 viduae
952 2139 1079 2212 lugeant,
1095 2144 1237 2199 memento

59 2244 278 2305 miserationum
292 2244 406 2303 tuarum
420 2245 603 2318 antiquarum
619 2249 648 2302 et
662 2243 816 2316 ehquando
830 2258 984 2302 conversus
999 2260 1050 2303 nos
1071 2245 1100 2303 in
1123 2243 1237 2305 Christo

60 2348 176 2410 domiuo
192 2350 321 2424 respice,
344 2351 394 2423 qui
415 2355 510 2410 tecum
531 2355 560 2408 et
577 2364 641 2408 curn
662 2365 685 2407 s.
707 2349 809 2421 spiritu
829 2349 899 2408 vivit
919 2355 948 2407 et
967 2354 1070 2422 regnet
1087 2352 1118 2408 in
1133 2365 1236 2425 perpe-

60 2460 150 2517 tuum
184 2454 287 2515 Amen.

150 2559 209 2634 um
222 2560 263 2623 ad
275 2560 409 2621 Rhenum
424 2566 632 2621 commorantes
647 2561 703 2619 huc
717 2566 869 2635 venerunt,
893 2561 992 2618 vineas
1009 2566 1038 2618 et
1053 2545 1165 2632 segetes
1186 2557 1237 2618 ho

64 2682 131 2729 uam
144 2682 226 2741 spem
239 2663 388 2727 fertilioris
402 2668 472 2727 anui
485 2666 658 2744 portendere
672 2667 780 2727 dicunt.

149 2770 261 2833 Eadem
275 2772 423 2832 nobiscnm
437 2773 561 2832 coenavit
574 2773 612 2831 N.
629 2790 646 2833 a
662 2772 932 2844 Schwartzeustein,
953 2770 1120 2831 adolescens
1135 2769 1239 2830 nobilis

49 2888 97 2939 ‘ex
115 2878 219 2940 aulicis
237 2876 420 2953 landtgrevii.
449 2878 506 2937 Hic
525 2878 608 2938 nohis
628 2880 739 2951 retulit,
762 2877 840 2952 quod
861 2878 975 2937 domina
995 2879 1128 2952 princeps
1148 2894 1238 2951 usque

63 2985 93 3045 iu
104 2983 184 3045 huno
203 2984 280 3044 diem
299 2984 490 3058 Hsilprunnae
510 2982 588 3060 opud
607 2986 741 3044 maritum
761 2982 862 3057 luerit,
886 2989 916 3043 ct
936 3000 993 3056 qua
1012 2983 1190 3042 humanitate
1211 2988 1240 3041 et

61 3090 173 3151 honoro
186 3088 267 3149 illum
280 3088 358 3149 lheri
371 3078 479 3149 milites
491 3090 670 3163 acceperint,
694 3094 906 3164 torneamenta,
929 3096 961 3149 ut
975 3094 1091 3161 uocant,
1112 3092 1142 3147 et
1156 3088 1239 3147 ludos

62 3195 203 3257 militares
232 3196 411 3255 instituerint
437 3212 472 3257 ao
497 3211 598 3256 zonam
623 3197 744 3256 sericam
767 3194 887 3254 choreas
910 3192 1041 3253 ducendo
1068 3190 1239 3253 inflexerint.

62 3302 134 3363 Item
149 3300 229 3375 quod
242 3301 416 3376 pedissequa
431 3302 568 3376 principis
583 3302 665 3375 virgo
681 3298 717 3359 de
741 3299 941 3360 Breideubcch
961 3316 997 3358 ex
1016 3296 1092 3357 firmo
1114 3299 1240 3373 pulveris

61 3408 245 3469 tormentarli
259 3422 334 3483 pone
350 3413 380 3468 ct
394 3410 555 3468 exanimate
571 3412 600 3466 et
621 3411 746 3466 extincta
765 3403 852 3463 fuerit
871 3411 900 3464 ct
923 3405 1001 3477 quod
1020 3402 1113 3463 odhuc
1133 3406 1164 3463 in
1182 3407 1239 3465 lec·

63 3515 120 3575 tica
133 3512 373 3574 circumvehatur.
405 3514 477 3574 Item
493 3514 568 3587 quod
583 3513 727 3572 Adrianus
743 3527 761 3569 a
777 3511 897 3569 Zertzen
913 3517 1048 3570 consueto
1069 3528 1120 3570 suo
1141 3510 1240 3570 morbo
1278 3524 1285 3542 ·

62 3621 195 3699 podagra
209 3618 333 3681 laborat.

151 3723 297 3800 Georgius
327 3724 518 3800 aMolsperg
540 3724 648 3785 renuis
672 3721 840 3782 torminibus
864 3721 1006 3782 dirissime
1029 3722 1172 3780 cruciatus
1195 3721 1241 3779 sit.

62 3830 176 3893 hoctor
190 3828 335 3904 Georgius
349 3845 369 3888 a
382 3828 573 3904 Boumelherg
587 3829 665 3888 tibiae
681 3825 904 3888 inflammatione
920 3833 1049 3887 vexetur.
1078 3828 1151 3884 Item
1165 3827 1241 3899 qnod

54 3944 203 4013 equorum
222 3935 403 3995 incommoda
421 3933 537 3995 dominc
552 3918 685 4009 princeps
700 3950 785 4008 passa
800 3935 846 3991 sit.
875 3932 1038 4005 Philippum
1054 3936 1149 3989 autem
1164 3931 1242 4004 prin-

63 4044 155 4119 cipem
169 4041 322 4115 Esliugum
337 4038 495 4100 ducendum
511 4041 560 4100 ait.

154 4148 236 4211 Noto
259 4146 297 4208 de
319 4145 518 4224 conopoeum
541 4144 658 4207 Vnerda
679 4144 718 4206 ad
739 4142 904 4205 Danubium
926 4142 1069 4218 principe,
1100 4141 1242 4220 vigilibus.
