2678 4546
682 39 724 88 ω

117 206 233 266 comites
248 211 278 266 et
293 202 491 266 coloniensem
505 206 620 280 attinet,
645 220 728 264 suum
741 204 849 265 babere
863 203 993 280 modum,
1017 203 1106 280 idque
1124 206 1168 265 sic
1182 203 1290 268 (laseri

116 309 308 371 referendum.
344 311 452 370 Verum
466 311 584 372 comites
600 327 713 386 quoque
733 312 834 373 citatos
850 312 887 372 ob
901 310 946 387 id,
971 311 1049 385 qnod
1063 309 1129 372 duci
1144 312 1287 388 Saxonis,

117 415 264 478 cattorum
279 417 403 492 principi
424 433 459 476 ac
476 418 701 492 protestantibus
717 416 954 478 Schmalkaldicae
974 419 1088 480 unionis
1105 419 1290 481 militaverint

116 530 146 582 et
160 522 325 584 rebellionis
338 540 415 584 anno
430 525 579 599 superiore
594 538 625 583 se
640 523 778 584 obnoxios
793 523 974 583 reddiderint
989 530 1041 585 etc.
1065 523 1112 584 Ad
1125 525 1189 585 hacc
1203 525 1288 586 Libo

116 630 175 688 rins
197 629 359 705 respondit,
383 646 435 689 nos
456 645 621 705 quanquam
640 631 751 705 magnis
770 636 800 689 et
814 629 901 690 variis
921 631 1043 704 negotiis
1064 630 1140 690 domi
1160 630 1289 706 occupati

117 751 169 794 nec
183 735 220 796 ab
234 735 358 796 hostium
374 750 486 809 qnoque
500 735 711 796 incursionibus
726 734 819 810 liberi,
836 741 932 796 umen
946 751 1051 810 magno
1066 752 1119 797 nos
1132 737 1289 812 Augustam

116 841 279 918 contulisse,
297 857 354 916 qno
375 858 508 903 casareae
522 842 665 917 maJestati
681 841 873 902 obedientiam
888 846 1105 916 proestaremus3
1130 843 1210 916 qnod
1223 857 1290 903 vero

114 945 153 1006 ad
167 964 280 1008 oausam
295 948 387 1022 ipsam
402 949 547 1022 attineret,
572 946 718 1008 archiduci
733 952 763 1007 et
777 947 889 1007 caeteris
905 953 1003 1008 notum
1019 962 1091 1022 esse,
1108 947 1186 1021 quod
1201 949 1290 1010 nostrl

115 1057 182 1112 ante
202 1069 315 1112 menses
337 1053 402 1127 plus
421 1069 472 1112 sex
492 1053 523 1111 in
538 1053 629 1111 nostri
650 1053 864 1112 excusationem
884 1053 915 1111 in
930 1052 1055 1113 medium
1075 1049 1251 1113 adduxerint
1264 1058 1291 1113 ct

115 1159 276 1232 protocollo
285 1158 455 1233 inscriptum
467 1158 514 1216 sit.
538 1158 612 1217 Tum
622 1156 855 1232 dMarquardus
872 1159 1072 1234 intcmogavit,
1088 1157 1202 1218 dicens:
1217 1158 1291 1219 Num

116 1267 146 1321 et
160 1262 218 1321 alia
231 1267 340 1337 praeter
354 1279 402 1338 ca,
426 1279 490 1338 qnae
505 1268 566 1322 tum
580 1261 755 1339 adduxistis,
775 1262 860 1323 nobis
876 1263 997 1325 adferre
1013 1268 1057 1324 cst
1072 1262 1206 1324 animus?
1237 1264 1290 1324 Rc

116 1383 252 1442 sponsum
274 1385 293 1427 a
313 1370 433 1443 nostris,
463 1368 571 1430 habere
598 1369 714 1442 quidem
735 1385 787 1428 nos
807 1369 909 1445 plura,
934 1385 999 1443 quae
1021 1367 1060 1429 ad
1081 1369 1292 1429 excusationem

117 1475 208 1534 nostri
221 1472 344 1549 iaciant,
367 1488 467 1536 verum
487 1490 524 1534 nc
545 1473 659 1533 domino
683 1472 828 1533 archiduci
845 1478 876 1534 et
890 1476 1003 1535 ceteris
1023 1476 1135 1535 molesti
1156 1490 1292 1550 essemus,

116 1595 169 1639 nos
183 1585 290 1654 petere,
306 1586 339 1640 ut
353 1596 405 1640 sua
420 1578 557 1640 celsitudo
573 1585 603 1639 et
617 1579 666 1639 ulli
681 1579 838 1640 consiliarii
853 1595 888 1640 ca
903 1580 1049 1655 relegere,
1066 1597 1131 1654 quae
1145 1597 1235 1657 super
1249 1581 1292 1641 hie

116 1686 146 1744 in
160 1687 318 1760 protocollo
339 1687 453 1760 signata
474 1691 588 1760 essent,
615 1686 804 1760 dignarmtur
819 1691 848 1745 et
862 1687 1057 1762 imperatorio
1081 1688 1229 1760 majestati
1242 1702 1293 1748 nce

116 1792 326 1853 commendatos
341 1789 458 1852 habere.

203 1896 274 1958 Post
289 1899 385 1973 exigui
399 1897 537 1972 temporis
552 1897 735 1957 intervallum
748 1895 909 1971 blanquard
931 1897 1089 1975 respondit,
1109 1898 1291 1961 archiducem

116 2005 298 2078 praesentiam
312 2010 440 2064 nostram
455 2008 484 2063 ct
495 2003 660 2076 petitionem
677 2017 811 2062 caesareoe
823 2004 976 2079 maiestati,
993 2005 1217 2080 quamprimum
1232 2002 1299 2064 fieri-

117 2114 230 2184 posset,
256 2111 414 2170 relaturum
433 2114 463 2168 et
482 2108 603 2169 eundem
623 2109 650 2169 d.
667 2108 883 2184 praesidentem,
905 2114 939 2169 ut
953 2107 1076 2170 Oaesaris
1099 2109 1249 2171 decretum
1266 2110 1294 2169 in

116 2213 172 2273 hoc
185 2222 409 2290 expectaremus,
423 2212 535 2289 jubere.
551 2214 678 2274 Petitum
693 2214 781 2275 etiam
796 2230 814 2276 a
829 2215 920 2292 nobis,
936 2220 970 2276 nt
984 2216 1132 2292 petitionis
1142 2215 1292 2278 Colonien-

117 2320 189 2379 siom
205 2320 286 2380 nobis
302 2321 386 2396 copia
399 2336 452 2397 per
467 2321 605 2398 scriptum
619 2320 712 2382 lieret.
989 2320 994 2331 '

204 2427 314 2488 Eadem
330 2427 417 2488 Ottbo
431 2442 525 2488 comes
540 2444 559 2488 a
572 2427 734 2503 Retbberg,
758 2428 898 2488 Ernestus
918 2444 937 2489 a
952 2428 1044 2490 Solms
1061 2434 1090 2489 et
1105 2428 1292 2490 cancellarius

117 2534 323 2610 archiepiscopi
344 2534 515 2610 bremensis,
536 2533 655 2593 Henrici
677 2532 756 2593 ducis
772 2550 790 2594 a
804 2533 992 2609 Brunschwig
1006 2539 1180 2609 procurator
1195 2539 1292 2595 contm

117 2639 312 2700 Goslaricnses
328 2647 358 2701 ct
372 2641 490 2702 comites
507 2638 674 2723 waldcciani
694 2640 772 2715 apud
783 2640 918 2725 ,comitem
930 2639 1114 2702 wilhelmum
1130 2639 1167 2702 de
1182 2639 1292 2702 Nasu

118 2746 218 2818 pransi
233 2753 307 2806 sunt.

203 2849 266 2939 ilbi
280 2849 347 2910 dum
357 2849 487 2911 Eubulus
502 2850 598 2909 comiti
612 2849 754 2910 aliassau
770 2855 878 2927 narrat,
895 2852 989 2927 ipsum
1003 2850 1162 2913 marchioni
1176 2850 1292 2913 iliberto
1333 2856 1335 2865 '

118 2973 137 3015 a
158 2955 370 3032 Brandenbnrg
394 2957 507 3016 nomine
537 2953 714 3016 dominorum
743 2955 956 3033 cllennoberg
987 2959 1088 3019 literas
1110 2957 1292 3018 Franciscnm

118 3060 229 3137 Dolwig
248 3068 451 3123 concementos
475 3059 627 3136 obtulisse,
659 3076 695 3120 en
717 3077 783 3122 mox
805 3077 900 3123 comes
915 3061 1083 3123 wilhelmus
1100 3062 1137 3123 ad
1151 3063 1292 3138 principes

118 3167 227 3241 aliquot
242 3174 369 3242 vocatus,
390 3168 467 3227 inter
482 3180 554 3242 quos
575 3172 605 3226 ct
618 3166 712 3241 ipsum
727 3169 920 3229 marchionem
933 3169 993 3242 J'am
1007 3173 1109 3229 contra
1123 3182 1170 3227 me
1195 3181 1291 3242 querc·
1333 3188 1335 3193 ·

118 3273 173 3333 lam
193 3275 388 3335 instituentem
407 3274 444 3334 ob
459 3275 590 3334 clientem
615 3288 697 3332 suum
712 3273 824 3347 Ilaluig
851 3278 1056 3349 rorantemque
1077 3272 1224 3348 principes
1246 3272 1291 3333 ali·
1328 3266 1335 3304 ⁴

119 3385 197 3452 quot,
220 3380 308 3438 atilli
324 3379 538 3454 astarovelint,
563 3395 629 3439 nam
651 3380 746 3454 ipsum
765 3378 844 3454 apud
859 3377 1003 3441 Oaesarcm
1024 3393 1071 3437 mc
1086 3385 1291 3449 accusaturum.

118 3485 235 3557 reperit.
274 3485 421 3546 Praeterca
443 3484 579 3559 quicquid
594 3484 748 3544 Waldeciis
772 3484 984 3545 incommodare
1004 3486 1113 3560 possit,
1138 3483 1178 3545 ad
1197 3485 1254 3544 hoc
1266 3496 1292 3541 se
1332 3494 1335 3519 ³

119 3596 252 3663 paratum
271 3605 334 3649 esse
355 3592 493 3665 gloriatus
515 3595 567 3650 est.
607 3590 713 3649 Litcrae
738 3591 813 3650 enim
838 3590 1017 3651 dominorum
1031 3606 1051 3650 a
1064 3589 1245 3664 Henneberg
1257 3584 1292 3647 illi
1324 3594 1335 3625 *³

118 3694 203 3755 bilem
218 3702 377 3757 mouerant.
417 3695 474 3757 Sed
490 3701 585 3758 tamen
601 3703 703 3772 rogatu
720 3697 831 3757 comitis
845 3695 881 3756 de
896 3697 1011 3758 Nassau
1026 3711 1062 3757 eo
1077 3694 1204 3770 devenit,
1227 3693 1293 3755 ntis

117 3802 193 3862 inter
207 3801 399 3862 marchionem
419 3808 449 3862 et
462 3818 507 3861 me
521 3802 631 3863 arbiter
646 3802 794 3875 existeret,
817 3804 914 3877 sicque
928 3804 1026 3864 mitior
1041 3801 1177 3863 redditur
1192 3798 1292 3861 Alber·
1324 3812 1327 3819 ·

117 3915 164 3967 tus
178 3909 226 3968 illc
241 3909 325 3968 Mero
341 3905 482 3984 (marchio
496 3908 628 3968 volebcm
644 3905 762 3982 dicere).

207 4015 316 4075 Eadem
331 4014 476 4075 dominam
488 4014 648 4089 prinoipem
659 4013 841 4075 convenimus
855 4028 919 4074 cam
931 4019 1077 4088 umanqne
1091 4013 1221 4077 solantes
1234 4014 1293 4078 bre

118 4117 256 4194 cibusque
271 4121 360 4184 multa
375 4137 439 4184 cum
454 4137 490 4184 ca
504 4117 695 4183 conferentes.
