2678 4546
708 35 753 95 24

143 232 239 289 causa,
254 215 357 288 inquit,
373 213 404 272 in
417 213 604 289 imperatoria
614 213 765 286 majestate
777 214 833 273 sita
846 219 898 275 est.
931 210 1014 284 Quod
1026 211 1065 272 ed
1074 212 1232 276 electorem
1240 230 1308 292 vero,

142 323 166 381 si
181 338 229 381 res
244 322 285 380 ita
299 325 356 392 est,
380 326 413 380 ut
428 318 464 378 de
484 320 528 377 his
542 320 617 378 inter
632 334 682 377 vos
697 322 852 393 tractetur,
877 319 944 380 date
960 335 1077 394 operam
1092 327 1128 381 ut
1142 319 1309 384 coloniensis

141 426 223 487 vobis
238 425 344 486 amicus
363 424 512 485 reddatur.
552 423 657 483 Postea
672 425 697 482 si
713 425 782 497 quid
801 424 840 484 ad
859 425 1071 485 excusationem
1088 428 1180 487 vestri
1199 428 1307 503 hahetis,

141 531 261 594 concilio
275 531 417 605 imperiali
430 528 555 590 offerte·
577 530 634 589 Ubi
649 546 736 590 causa
754 530 793 590 ad
812 546 864 589 nos
888 530 1023 615 devoluta
1041 527 1148 608 fuerit,
1173 550 1229 608 ego
1243 535 1307 595 dabo

142 652 269 710 operam,
285 639 318 693 ut
332 636 369 695 ad
382 637 584 708 imperatorem
597 633 755 709 deferatur,
772 636 837 694 etsi
852 634 1000 708 quidboni
1015 635 1069 695 hac
1083 637 1116 695 in
1129 653 1164 698 re
1177 646 1305 712 prestere

142 758 254 816 queam,
270 742 413 815 experiar.
443 741 517 799 Tum
531 739 681 800 Liberius:
696 741 944 801 Reverendissime
959 741 1076 816 presul,
1091 742 1214 803 remites
1227 744 1305 803 nosti

142 865 200 908 uon
215 853 282 907 sunt
297 863 396 907 earum
409 844 586 920 facultatum,
603 851 635 906 ut
648 847 695 905 hic
709 847 809 921 longas
824 863 919 906 moras
934 852 1049 907 nectere
1065 854 1185 922 queant.
1225 853 1306 926 Quare

142 960 243 1031 petunt
257 953 498 1014 reverendissima
508 950 546 1009 D.
558 951 593 1010 V.
610 951 687 1024 apud
701 967 855 1029 caesmeam
865 954 1045 1028 majestatem
1060 957 1211 1029 negotium
1227 963 1304 1018 matu·

141 1077 208 1121 rare
223 1061 366 1135 dignetur.
404 1056 451 1116 Ad
466 1057 528 1115 haec
541 1055 753 1132 Atrebatensis,
774 1059 856 1131 quasi
870 1057 1093 1136 subiracundus,
1109 1078 1170 1121 non
1185 1063 1305 1133 arbitrm,

141 1167 243 1239 inquit,
255 1178 410 1238 generosos
425 1163 540 1222 comites
555 1163 705 1223 rebellioni
720 1165 926 1224 contumaciam
937 1150 1094 1240 adiungere
1103 1167 1192 1242 velle,
1208 1173 1305 1229 utente
1329 1172 1331 1179 '

143 1286 313 1345 responsum
327 1269 482 1329 insalutato
498 1267 611 1328 Caesare
626 1268 742 1329 abeant.
765 1269 858 1344 Igitur
872 1269 1007 1328 Liborius
1021 1271 1194 1345 petitionem
1208 1272 1305 1332 iteravit
1326 1278 1331 1312 ²

142 1380 172 1436 et
192 1373 393 1435 Atrebateusis
414 1391 450 1434 ex
470 1375 594 1450 hospitio
622 1375 717 1434 exivit.
764 1375 943 1434 Waldeciani
968 1375 1124 1450 hospitium
1147 1376 1328 1459 marchionis¹

142 1480 276 1540 electoris
297 1479 409 1555 adiere,
439 1481 464 1540 si
481 1479 556 1540 forte
576 1481 729 1541 electorem
749 1480 913 1554 alloquendi
934 1481 1017 1541 nobis
1035 1482 1119 1554 copia
1139 1479 1243 1558 fieret,
1268 1478 1305 1542 sal
1323 1496 1331 1565 3

141 1585 237 1646 nullus
252 1587 410 1647 aulicorum
429 1603 583 1662 procerum
597 1587 712 1660 aderat,
735 1586 784 1661 qui
799 1591 927 1648 nostram
941 1586 1125 1660 praesentiam
1141 1589 1261 1650 electori
1273 1590 1303 1648 ir·
1322 1576 1331 1673 ξ

143 1691 362 1767 discrepasset.
1321 1680 1331 1779 Ι

233 1797 333 1858 comm
353 1797 515 1871 aNassau,
540 1797 617 1871 quod
631 1798 719 1857 variis
733 1798 856 1872 negotiis
874 1799 1109 1871 occupatissimus
1129 1803 1225 1874 esset,
1246 1793 1305 1858 odiri
1321 1782 1331 1842 ἶ

142 1908 333 1978 nonpoterat.
356 1901 1021 1978 Reperimusiudomodtrebatensisdoctorem
1030 1902 1199 1977 Philippum
1207 1901 1306 1965 Sallen·

232 2007 421 2067 Wendelinus
434 2007 576 2067 etFlorus
587 2007 768 2093 archiducem
776 2009 1003 2068 Maximilienum
1012 2008 1196 2068 dominorum
1208 2009 1308 2070 nomint

144 2129 229 2173 orare
242 2113 387 2188 volebant,
402 2104 436 2173 ut
444 2114 524 2188 apud
535 2129 634 2188 regem
645 2118 758 2190 patrem
769 2114 861 2174 nostri
873 2113 1027 2174 clementer
1040 2114 1207 2174 meminisse
1220 2115 1310 2189 digm-
1329 2096 1331 2121 '

143 2224 239 2292 retur,
255 2233 354 2277 verum
368 2219 393 2275 is
408 2218 439 2276 in
454 2218 516 2278 loco
531 2219 644 2277 concihi
658 2236 717 2279 non
731 2219 842 2279 ederat.

232 2322 343 2383 Eadem
362 2339 435 2382 nnus
455 2328 485 2382 et
504 2323 578 2384 alter
600 2325 703 2382 civium
721 2323 860 2398 Augusta
878 2341 932 2401 per
946 2325 1103 2384 Henricum
1118 2325 1264 2389 Straclren
1282 2326 1311 2386 de

144 2431 201 2490 situ
223 2430 327 2489 montis
349 2428 486 2503 Isenberg
509 2433 538 2488 et
560 2430 677 2489 mineris
699 2431 764 2488 auri
787 2431 863 2490 circa
886 2429 1075 2491 Corbachium
1103 2429 1310 2506 diligentissime

143 2536 278 2596 sciscitati
300 2539 380 2608 sunt,
404 2536 500 2595 conati
520 2536 666 2596 uobiscum
680 2535 889 2596 conditionibus
908 2552 1012 2610 agere,
1036 2552 1137 2596 verum
1160 2539 1231 2611 quia
1252 2536 1310 2597 mili

143 2647 286 2717 presente
300 2657 369 2700 ursa
384 2639 494 2700 catulos
510 2641 661 2702 ostendere
680 2643 774 2701 minus
792 2641 951 2703 consultum
966 2641 1131 2717 videbatur,
1155 2643 1236 2704 bona
1250 2643 1308 2704 dmt

143 2744 233 2804 verba
248 2761 297 2804 eos
310 2750 377 2818 post
395 2760 507 2804 menses
522 2746 647 2819 aliquot,
671 2745 780 2819 siquid
796 2747 935 2821 eiusmodi
956 2754 1106 2822 cuperent,
1131 2749 1162 2808 in
1183 2750 1308 2810 comitati

144 2855 243 2909 nostro
259 2864 390 2922 quaerere
409 2865 462 2908 nos
474 2848 652 2920 jubebamus.

235 2953 419 3014 Sebastianus
434 2953 507 3027 Mall
521 2956 684 3028 quingentis
699 2958 794 3017 aureis
810 2972 828 3016 a
842 2957 1026 3017 Ferdinando
1041 2973 1111 3032 rege
1128 2959 1252 3021 donatus
1264 2964 1305 3020 ert
1325 2970 1331 2997 ³

145 3057 240 3117 Probe
255 3059 343 3118 ethis
359 3063 444 3118 notus
465 3065 527 3118 erat
544 3060 625 3120 Hans
639 3060 731 3122 Krell.
770 3063 845 3121 Nam
863 3062 894 3120 hi
914 3067 983 3122 ante
1002 3078 1094 3122 anuos
1113 3064 1228 3139 aliquot
1241 3061 1304 3142 apri

145 3180 197 3224 nos
212 3166 242 3224 iu
257 3181 325 3225 erce
339 3169 439 3224 nostra
454 3164 593 3239 Isenberg
608 3170 700 3225 erant.

234 3268 357 3342 Eadem,
378 3269 446 3329 dum
460 3286 479 3329 a
493 3287 576 3331 coena
590 3278 702 3346 partem
725 3272 803 3333 urbis
826 3288 890 3332 cum
909 3272 1055 3333 sodalibus
1070 3274 1142 3333 meis
1157 3273 1302 3343 obmtda

143 3375 220 3435 forte
241 3373 371 3445 adjunxit
391 3391 421 3434 se
436 3376 517 3436 nohis
532 3378 601 3436 ciuis
623 3379 738 3451 quidam
760 3377 948 3452 grandevus,
972 3380 1018 3437 cui
1041 3381 1179 3453 magister
1204 3381 1301 3457 rigi·

145 3480 240 3539 claves
262 3484 354 3554 portae
376 3483 602 3556 commendarat,
627 3499 690 3544 cum
712 3499 769 3556 quo
791 3484 872 3543 varia
894 3483 930 3542 de
948 3485 1028 3544 urbis
1046 3483 1187 3558 Augustas
1209 3484 1331 3562 polifite²

146 3707 228 3750 muro
243 3692 499 3764 interrogaremus,
522 3695 595 3754 hanc
609 3695 670 3767 ejus
689 3695 733 3753 rei
747 3695 886 3753 rationem
901 3695 1005 3754 reddit.
1044 3695 1206 3769 Augustam
1220 3696 1299 3757 ml·

145 3814 209 3857 esse
224 3797 381 3871 antiquam,
398 3799 550 3871 quainter
563 3802 665 3873 exigua
677 3799 769 3873 spatia
782 3801 841 3858 suis
856 3801 968 3859 moeniis
981 3805 1010 3859 et
1021 3801 1114 3875 portis
1125 3804 1221 3863 cincta
1234 3798 1331 3875 emtis·

145 3910 178 3962 ut
191 3905 306 3978 ipsimet
316 3903 486 3977 uideremus,
502 3909 532 3962 et
546 3904 622 3963 hauc
636 3906 703 3963 olim
719 3904 848 3965 coenohio
861 3906 896 3964 D.
908 3906 999 3965 Ulrici
1013 3905 1155 3967 dominico
1169 3900 1297 3981 annot

147 4008 210 4066 aliis
226 4010 425 4068 ecclesiasticis
447 4009 640 4069 mansionibus
661 4016 835 4084 occupatam.
874 4010 915 4070 Ut
929 4012 1078 4085 episcopus
1097 4013 1154 4072 loci
1176 4028 1258 4073 omne

149 4112 203 4172 sihi
216 4114 247 4172 in
262 4130 324 4175 eam
339 4131 479 4191 usurpare
493 4120 612 4176 conatus
627 4121 657 4177 et
670 4117 792 4178 maxime
805 4115 957 4177 claudendi
971 4123 1078 4193 portas,
1094 4119 1144 4180 ubi
1160 4126 1224 4195 atq

145 3585 349 3645 munitionibus
364 3591 418 3645 etc.
440 3589 619 3648 contulimus.
658 3588 757 3662 Aquo
778 3603 841 3646 cum
861 3590 936 3648 inter
956 3587 1141 3650 fabulandum
1161 3591 1198 3652 de
1214 3584 1331 3809 drfflL
