2678 4546
696 58 762 124 llo

140 246 258 306 credere
273 244 387 303 Christo
402 248 432 302 et
446 258 523 315 eam,
545 256 632 315 quam
651 243 676 299 is
690 239 774 300 nubis
788 239 943 315 revelavit,
963 236 1060 313 patuis
1079 236 1257 295 voluntatem
1269 231 1303 293 h·

141 369 216 426 cere,
231 356 262 410 et
276 350 354 424 quod
368 349 447 408 nulla
461 348 499 407 sit
512 346 656 406 invocatio
671 346 743 420 Dei,
765 362 818 406 nec
837 345 918 405 ulhbi
942 343 1153 417 emundamur,
1243 340 1305 399 ah

142 462 171 515 et
186 474 238 530 per
253 455 405 514 Christum.
443 454 521 527 Ergo
544 455 574 510 et
588 451 722 511 Judaeum
740 450 850 511 frustra
867 450 993 511 clamare
1006 445 1132 520 orando,
1158 446 1239 506 Deus
1251 445 1302 505 cel

143 568 173 619 et
186 566 282 634 terrae,
303 560 382 619 Deus
397 558 552 630 Abraham,
575 557 657 617 Isaac
672 563 701 616 et
714 557 814 631 Jacob,
839 558 864 615 si
879 573 938 617 non
952 555 1098 615 innitatur
1113 552 1238 613 Christo.
1258 550 1303 611 Ubi

143 681 211 723 sero
227 666 263 725 ad
277 664 370 724 locum
387 664 422 722 de
436 663 570 736 operibns
585 662 757 736 devenisset,
773 663 828 721 ait:
854 663 885 722 Si
899 661 1036 736 operibus
1051 656 1175 734 nudes,
1195 658 1302 718 Damin

143 768 252 828 duabus
267 770 373 829 tabulis
388 786 445 828 non
461 769 574 842 quidem
590 768 754 842 permagnis
776 783 865 840 opera
884 782 949 839 quae
963 764 1078 823 iaceres
1096 765 1152 825 tibi
1167 762 1300 838 praescrip·

143 876 189 947 sit,
206 876 337 933 nimirum
353 880 386 932 nt
400 875 493 948 ipsum
515 874 608 932 solum
622 871 734 942 ederes,
758 871 836 930 colas
851 887 904 929 nee
917 872 1013 932 Deum
1026 873 1139 943 praeter
1152 868 1231 929 hunc
1241 866 1299 925 scm

143 985 197 1038 etc.
222 979 314 1038 Crede
329 981 360 1038 in
370 979 523 1051 Christum,
534 978 625 1036 Deum
641 976 727 1050 dilige
737 980 767 1035 et
776 976 937 1048 proximum
951 976 1027 1034 sicut
1040 978 1072 1033 te
1086 975 1195 1048 ipsum,
1210 967 1300 1031 meai

143 1099 241 1143 omnes
256 1085 342 1142 animi
363 1100 466 1142 nervos
479 1083 536 1141 buc
549 1082 720 1154 intenderis,
743 1081 808 1156 plns
829 1085 875 1140 sut
875 1083 901 1140 is
919 1088 1016 1141 tumen
1038 1094 1164 1153 operum
1184 1074 1299 1151 reperiit

145 1194 174 1246 et
188 1194 258 1261 tum,
276 1190 301 1246 si
316 1189 367 1247 tibi
382 1192 475 1262 vacat,
492 1203 590 1261 opera,
607 1203 671 1260 quae
686 1184 867 1260 pupajubet,
882 1183 978 1245 facito.
1321 1182 1325 1221 ¹

234 1293 356 1352 Domine
371 1295 389 1352 J
392 1310 451 1366 esu
470 1293 501 1352 in
516 1291 677 1350 tocredere
692 1292 773 1350 nobis
787 1291 877 1366 dona,
900 1308 938 1351 ne
951 1305 1017 1349 cum
1031 1287 1144 1348 mundo
1160 1286 1298 1361 despiciat·
1321 1280 1331 1327 l

144 1403 188 1455 tes
203 1397 480 1471 lucemjudicemur,
504 1398 601 1470 sicque
616 1411 706 1468 opera
720 1401 820 1456 nostra
833 1386 1331 1469 murmurmurmur

145 1502 189 1574 gis
203 1501 452 1574 vespertilionibus
470 1508 500 1561 te
513 1503 606 1561 lucem
621 1506 758 1560 aeternam
774 1501 979 1560 abominemur.
1011 1499 1065 1573 Te,
1081 1499 1214 1573 inquam,
1229 1498 1303 1556 lucau
1319 1466 1331 1687 ζ

145 1607 348 1667 illuminantem
366 1623 477 1667 omnem
491 1606 634 1666 hominem
647 1607 808 1665 venientem
822 1607 854 1663 in
867 1605 943 1664 hunc
955 1602 1106 1679 mundum,
1123 1604 1172 1663 cui
1185 1618 1248 1665 cnm
1259 1614 1301 1675 μ·

147 1717 192 1772 tre
209 1719 238 1772 et
253 1732 275 1772 s.
292 1715 395 1790 spiritu
410 1713 525 1772 sitlans
542 1718 571 1771 et
585 1712 678 1786 gloria
692 1712 723 1769 in
738 1716 918 1785 perpetuum.
942 1709 1044 1768 Amen.
1326 1694 1329 1705 '

235 1820 345 1879 Eadem
369 1819 518 1893 Philippus
543 1823 572 1876 et
591 1818 720 1877 Eubulus
740 1815 821 1892 (nam
841 1815 969 1874 loannes
993 1815 1023 1872 in
1048 1829 1101 1873 rus
1126 1804 1307 1883 concesserat)

146 1923 367 1983 atrebatensem
393 1922 564 1997 compellare
584 1921 758 1994 volebamus,
781 1935 881 1979 verum
900 1917 1045 1994 extemplo
1059 1924 1094 1977 ut
1107 1934 1165 1979 nos
1178 1914 1249 1977 vidit
1260 1914 1306 1973 ait:

147 2026 212 2085 Jam
227 2029 298 2086 nihil
311 2028 392 2088 vobis
407 2044 522 2103 possum
536 2029 721 2101 respondere,
742 2025 801 2085 alio
815 2031 946 2097 tempore
964 2023 1157 2083 revertimini
1204 2022 1307 2093 Hocque

149 2136 211 2190 erat
226 2133 311 2189 nnius
325 2132 382 2191 diei
401 2149 520 2206 pensum
535 2130 700 2192 absolvisse.
739 2133 818 2191 Inter
833 2130 1020 2191 sollicitantes
1035 2135 1123 2189 erant
1137 2122 1306 2191 dominus&

149 2232 298 2307 Celtingen
313 2240 342 2294 et
354 2235 466 2308 legatus
482 2237 561 2295 ducis
577 2237 730 2310 Ferrariae,
754 2237 839 2296 homo
853 2236 884 2295 in
898 2234 1024 2309 speciem
1043 2235 1145 2309 magni
1159 2232 1271 2309 ingenii

237 2339 346 2398 Eadem
362 2339 481 2399 Carolus
497 2359 515 2400 a
530 2340 662 2401 Stockem
677 2340 824 2400 uobiscum
838 2356 960 2415 pransus
976 2345 1030 2400 est.

237 2445 313 2504 Dmn
328 2449 394 2505 ante
415 2445 573 2504 cubiculum
589 2446 787 2504 Atrebatensis
809 2444 1039 2521 deambulamus,
1064 2444 1217 2520 Celtingon
1239 2438 1304 2502 nolit

149 2550 184 2609 de
199 2551 291 2611 aulico
306 2549 428 2624 quodam
443 2550 530 2623 dixit,
554 2550 602 2624 qui
618 2565 683 2608 cum
698 2566 716 2608 a
731 2550 845 2610 Caesare
865 2549 1009 2624 stipendia
1030 2551 1164 2625 exigeret
1177 2566 1212 2609 uc
1225 2547 1304 2607 Cant

148 2657 355 2729 respondisset:
370 2655 395 2714 ll
409 2654 481 2715 fault
496 2657 578 2714 avoir·
591 2656 731 2730 patience,
747 2655 857 2714 aulicus
873 2655 959 2714 dixit:
984 2653 1032 2713 Gil
1046 2670 1103 2727 aye
1116 2669 1177 2727 ouy
1191 2652 1303 2727 patim

150 2765 178 2817 et
202 2761 317 2834 passion
336 2778 389 2833 par
403 2761 432 2819 lu
447 2762 563 2835 passion
579 2761 615 2819 de
631 2760 705 2819 dieu.
745 2760 841 2820 Caesar
862 2758 990 2820 obticens
1005 2760 1095 2832 jussit
1113 2760 1302 2819 hliumans
1319 2802 1323 2811 .

151 2865 323 2936 quingentos
344 2863 478 2926 florenos.
523 2866 579 2924 Sed
601 2882 659 2924 uon
680 2865 811 2925 omnibus
834 2881 916 2939 aeque
936 2862 1060 2937 feliciter
1081 2864 1171 2925 cessit
1194 2858 1302 2923 leand·

152 2968 307 3027 collusisse.
1322 3004 1331 3011 -

240 3073 350 3132 Eadem
370 3072 554 3134 adserebatur
568 3092 667 3136 rumor
681 3076 825 3150 Hispanos
840 3073 950 3148 aliquot
964 3072 1157 3148 Argentorati
1175 3074 1207 3133 ln
1220 3070 1299 3133 uoti·
1315 3100 1331 3121 ‘-

152 3178 275 3237 tmunltu
290 3179 397 3239 occisos
412 3196 483 3239 csse.
507 3180 616 3239 Eadem
631 3181 770 3240 socruiet
784 3181 867 3238 uxori
883 3194 936 3251 per
949 3179 1094 3240 Joannem
1115 3177 1199 3240 nohis
1212 3166 1331 3249 affl·

152 3282 206 3343 bus
226 3285 398 3358 scripsimus.
437 3285 545 3344 Eadem
565 3285 665 3345 doctm
686 3283 805 3343 Carolus
827 3285 918 3344 llarst
935 3299 988 3358 per
1009 3284 1174 3345 Samuelem
1191 3282 1314 3427 hepid!i

154 3392 282 3445 nostrum
298 3390 434 3449 nonnulla
448 3391 529 3450 nobis
545 3390 699 3449 nunciavit.

242 3490 268 3549 A
284 3508 366 3552 coena
382 3493 532 3569 Philippus
554 3499 584 3554 et
597 3496 728 3554 Eubulus
747 3494 892 3553 theatrum
913 3493 985 3553 illud
1007 3494 1162 3568 Hispanis,
1181 3504 1234 3565 que
1248 3478 1308 3561 β.
1304 3482 1331 3537 l·

154 3611 185 3654 se
204 3597 234 3654 in
262 3599 316 3657 hoc
346 3605 524 3672 exercerent,
556 3601 715 3673 sumptibus
741 3600 819 3659 urbis
839 3600 978 3673 Augustae
1002 3599 1198 3673 pavimentum
1225 3554 1331 3665 ¹¹1st

154 3704 248 3762 coctili
270 3707 400 3776 stratum,
423 3702 532 3761 habens
546 3703 576 3761 in
590 3703 797 3777 longitudinem
812 3704 926 3762 circiter
949 3707 1064 3762 cautum
1079 3700 1292 3779 septuagies!
1303 3712 1331 3727 ““

152 3808 213 3883 des,
235 3811 265 3868 iu
285 3808 465 3867 latitudinem
485 3807 583 3867 decem
606 3813 635 3866 ct
655 3814 733 3882 octo,
760 3808 853 3867 tribus
872 3804 1031 3881 perietibus
1049 3806 1193 3880 clausum,
1213 3786 1291 3863 aed!

154 3916 264 3974 oriente
284 3921 400 3989 patens,
428 3912 558 3971 vidimus.
598 3913 728 3971 Vidimus
749 3919 778 3972 et
800 3912 949 3986 cujusdam
970 3912 1137 3984 Augustani
1163 3896 1290 3985 euadit·

156 4018 240 4091 aedes,
256 4022 305 4092 qui
320 4020 374 4079 hoc
389 4018 510 4077 disticho
524 4017 657 4091 largitori
672 4035 758 4093 opum
773 4033 889 4077 suarum
905 4018 967 4076 Deo
983 4016 1049 4073 omli
1065 4021 1095 4075 et
1108 4020 1197 4075 ternu
1211 4006 1291 4071 hed

156 4132 241 4192 super
255 4131 368 4197 portam
383 4124 483 4186 domus
498 4122 613 4199 depingi
628 4128 795 4183 curaverat:
