2678 4546
680 35 747 78 ὖῠυ

123 198 201 257 rivos
216 211 357 269 aquarum
372 193 518 254 deducunt
533 193 608 253 oculi
621 194 687 253 mei.
731 191 942 265 Quamobrem?
957 196 1064 270 inquit:
1079 196 1216 257 nimirum
1230 198 1291 272 quia

120 305 234 363 lextra
249 319 307 362 non
321 301 500 360 observatm.
524 299 630 359 Docuit
645 314 756 374 quoque
771 300 841 374 quid
856 306 940 374 esset,
962 301 1069 361 domini
1084 302 1196 362 vultum
1211 319 1292 376 super

122 424 175 468 nos
190 407 340 480 illustrari,
364 406 472 464 scilicet
494 405 578 464 deum
598 405 681 464 nobis
697 420 759 464 esse
774 407 929 479 propitium
944 412 974 465 et
987 423 1129 483 serenam,
1155 413 1190 467 ut
1203 409 1289 482 loqui·
1334 464 1337 471 .

121 529 200 586 mur,
221 510 344 571 frontem
368 528 399 570 se
419 510 501 570 nubis
523 510 688 584 ostendere,
713 511 786 568 sicut
808 515 837 570 et
859 512 933 570 alius
948 513 1073 585 psalmus
1088 513 1193 573 habet:
1217 512 1291 573 Deus

124 617 294 676 misereatur
309 618 400 677 0000101
416 600 449 675 01
459 615 610 676 benedicat
625 616 717 689 nobis,
728 615 868 674 illuminet
882 613 985 676 faciem
999 635 1080 678 snam
1096 635 1186 694 super
1200 637 1252 679 noa
1265 624 1291 678 et
1335 601 1337 605 ⁵

123 724 292 782 misercatur
308 723 408 781 nostri.
447 721 569 780 Dicebat
584 736 697 793 quoque
712 721 801 781 verba
816 720 863 780 dci
877 702 1108 798 contestationes,
1128 724 1291 785 obtestatio
1334 704 1337 710 ¹

123 845 175 888 nes
191 832 220 887 et
234 828 398 887 testimonia
417 827 487 900 dici,
510 843 568 886 non
587 842 640 899 pro
660 841 740 884 more
765 825 926 902 hominum,
950 826 1002 887 sed
1023 827 1102 901 quod
1124 827 1246 888 verbum
1259 828 1291 886 sit

122 935 216 1007 imago
231 934 334 992 mentis
351 937 380 991 et
394 932 538 990 immensae
559 932 695 991 bonitatis
716 931 762 991 dei
781 934 873 1006 patris
893 949 963 1007 erga
982 950 1034 992 nos
1049 934 1290 994 evidentissimum

121 1042 328 1114 argumentum.
368 1038 504 1096 Testatm
524 1041 619 1103 autem
642 1035 711 1095 deus
727 1035 878 1110 dupliciter
893 1054 944 1112 per
960 1039 1091 1113 exempla
1106 1042 1139 1098 ut
1153 1037 1291 1100 benefecit

121 1145 227 1219 populo
243 1143 334 1202 Israel
348 1147 379 1201 et
393 1158 445 1217 per
459 1143 610 1216 loquentes
624 1142 789 1217 scripturas.

210 1248 333 1307 Domine
356 1247 426 1306 deus
444 1248 520 1308 bone
539 1247 701 1306 misericors
722 1251 751 1306 et
767 1248 861 1322 juste,
889 1248 1024 1323 quoniam
1039 1249 1125 1322 juxta
1139 1249 1253 1323 psalten
1267 1255 1291 1308 et

122 1369 221 1427 regem
234 1357 315 1411 tuum
329 1353 468 1412 Davidem
485 1352 602 1413 verbum
621 1358 716 1426 tuum,
742 1353 792 1412 ubi
805 1353 964 1413 revelatum
979 1351 1082 1428 fuerit,
1107 1353 1290 1414 conscientias

125 1457 266 1518 exhilaret
286 1463 315 1518 et
338 1439 527 1532 simplicibus,
551 1458 608 1518 imo
631 1458 759 1532 paruulis
787 1463 817 1518 et
840 1460 981 1533 despectis
1001 1459 1180 1520 intellectum
1200 1459 1250 1519 dut
1267 1460 1291 1516 et

125 1563 278 1636 illuminat,
302 1579 339 1621 ne
361 1580 379 1623 a
399 1563 485 1623 corde
506 1570 536 1623 et
556 1580 605 1623 ore
624 1570 723 1624 nostro
747 1566 864 1625 verbum
891 1570 972 1624 tuum
998 1563 1114 1625 auferre
1134 1560 1222 1638 velis,
1244 1579 1290 1639 per

124 1669 218 1743 ipsum
232 1668 350 1729 verbum
370 1675 400 1729 ct
421 1667 511 1727 filium
532 1676 613 1728 tuum
627 1646 726 1729 Jesnm
742 1669 886 1729 Christum
908 1669 1053 1741 dominum
1072 1676 1205 1730 nostrum
1219 1685 1289 1744 qaae·

125 1790 237 1849 sumus,
258 1774 345 1849 idque
360 1775 415 1835 hoc
437 1775 616 1850 potissimum
630 1781 773 1848 tempore,
800 1791 863 1834 cum
884 1782 1028 1851 exurgunt
1042 1778 1159 1849 tyranm
1173 1781 1289 1850 utroque

124 1880 221 1955 gladio
237 1896 290 1939 nos
304 1880 485 1955 impotenter,
508 1880 563 1940 hoc
579 1885 631 1955 est,
656 1885 685 1939 ct
699 1881 727 1940 vi
744 1885 773 1940 et
788 1880 904 1938 sinistra
919 1879 1038 1941 salvifici
1052 1882 1135 1940 verbi
1149 1882 1194 1942 tui
1206 1882 1288 1940 inter·

127 1986 303 2059 pretatione,
328 1992 357 2045 et
372 1986 410 2045 da
422 1982 520 2044 firmos
536 2001 599 2046 esse
619 2001 734 2060 gressus
756 1992 869 2046 00001οο0
884 1987 915 2045 10
929 1985 1017 2046 verbo
1032 1993 1099 2061 tuo,
1118 2003 1157 2046 ne
1171 2003 1225 2048 nos
1240 1987 1291 2047 suis

128 2090 368 2149 terriculamentis
384 2089 494 2151 Satban
508 2093 623 2152 territet
637 2097 688 2150 aut
702 2089 924 2150 transformatus
939 2091 969 2149 in
984 2091 1118 2166 angelum
1132 2074 1291 2152 1001010100·

126 2192 260 2253 dimentis
275 2194 359 2267 huJus
377 2194 476 2254 mundi
498 2175 527 2254 et
547 2197 635 2256 uariis
657 2198 742 2255 sectis
758 2198 817 2256 suis
832 2197 965 2271 seducat,
982 2202 1011 2255 et
1025 2213 1061 2257 ne
1076 2199 1229 2272 permittas
1241 2198 1289 2257 ini·

127 2300 265 2375 qmtatem
289 2300 371 2359 nobis
401 2299 552 2360 dominari.
599 2302 746 2374 Quiritis
769 2307 799 2362 et
827 2319 931 2377 regnas
954 2318 1018 2361 oum
1040 2302 1144 2364 eodem
1165 2299 1226 2364 filio
1247 2309 1290 2362 tuo

125 2407 154 2463 et
184 2406 286 2478 spiritu
314 2412 414 2466 sancto
443 2405 512 2467 deus
541 2408 633 2467 trinus
661 2408 741 2468 vivus
771 2414 800 2468 et
828 2426 902 2468 unus
934 2408 1101 2469 benedictus
1130 2410 1161 2468 in
1191 2409 1290 2469 secula.

123 2509 225 2572 Amen.

211 2621 307 2696 Nota,
325 2623 441 2683 comites
467 2621 503 2681 de
518 2621 736 2696 Schwartzburg
757 2636 788 2679 se
803 2622 872 2681 olim
887 2624 1035 2700 scripsisse
1049 2624 1078 2683 N
1095 2631 1124 2686 et
1138 2624 1166 2683 N
1182 2627 1291 2687 comites

124 2730 157 2789 in
173 2728 392 2802 Schwartzburg
413 2733 443 2786 et
467 2726 596 2786 dominos
618 2729 648 2786 in
670 2728 795 2801 Raness,
817 2744 881 2786 cum
903 2746 966 2791 eam
981 2747 1077 2790 arcem
1091 2748 1168 2791 nuuc
1182 2734 1292 2792 teneant

125 2833 235 2893 nobiles
258 2830 293 2893 de
315 2832 534 2893 Brundenstein.
581 2833 694 2892 Dicitur
716 2840 811 2892 autem
835 2850 898 2895 esse
922 2837 1026 2896 donum
1050 2837 1198 2898 Wilhelmi
1220 2837 1292 2897 ducis

127 2941 268 3000 Saxoniae.

214 3044 325 3105 Eadem
349 3046 465 3105 domina
487 3059 585 3106 socrus
605 3059 658 3116 per
677 3044 820 3107 loannem
842 3050 923 3109 nobis
943 3067 961 3110 a
980 3049 1102 3124 pedibus
1128 3051 1293 3111 eWimaric

125 3150 208 3210 uobis
223 3153 379 3227 rescripsit,
397 3169 427 3211 se
442 3168 560 3227 sperare
575 3167 694 3211 uxorem
709 3159 836 3214 nostram
851 3170 908 3214 non
923 3155 1001 3230 adigi
1016 3156 1253 3230 adjuramentum
1268 3156 1292 3214 in

126 3259 341 3317 renunciatione
362 3260 559 3333 praescriptum
584 3261 787 3334 praestandum.
818 3261 890 3320 Item
906 3278 958 3321 nos
973 3262 1116 3336 reliquum
1131 3262 1293 3323 dodrante

129 3379 215 3437 quam
228 3363 294 3422 hinc
310 3363 520 3425 discederemus
535 3373 711 3440 accepturos.

215 3468 293 3527 Nota
313 3468 348 3528 de
368 3471 469 3543 poculo
484 3469 598 3530 domino
613 3471 730 3531 Anarck
751 3472 786 3531 de
801 3471 971 3532 Wildenfels
990 3482 1020 3533 et
1040 3473 1157 3535 domino
1172 3475 1294 3536 Murtino

126 3571 253 3632 Luthcro
268 3575 298 3632 in
313 3574 422 3634 calcide
436 3577 539 3650 mixto,
557 3593 593 3636 ex
608 3593 665 3650 qua
679 3578 796 3652 potione
810 3595 905 3638 eomes
920 3580 984 3655 plus
999 3581 1108 3640 centies
1124 3581 1292 3656 subsequen·

123 3685 181 3740 tem
197 3685 309 3740 noctem
325 3686 355 3738 et
370 3680 445 3740 diem
460 3682 573 3740 alveum
592 3682 690 3741 levare
710 3689 825 3743 coactus
846 3691 904 3757 est,
930 3685 1075 3745 Lutherus
1098 3704 1169 3748 vero
1190 3688 1294 3748 diutino

124 3785 223 3846 morbo
240 3783 362 3844 afflictus
379 3785 491 3845 Christo
507 3802 620 3859 quoque
636 3789 751 3862 auspice
767 3791 871 3864 evasit,
887 3797 920 3850 ut
934 3791 979 3850 1010
996 3791 1104 3853 Christi
1118 3792 1254 3854 verbnm:
1269 3793 1295 3852 Si

126 3888 195 3962 quid
216 3890 302 3950 letale
325 3892 466 3966 biberint,
490 3909 548 3950 non
571 3892 684 3952 nocebit
706 3895 761 3968 eis,
784 3896 877 3954 locum
901 3896 1007 3957 habere
1028 3898 1170 3959 videatur.
1209 3900 1295 3959 Erunt

126 3999 221 4053 antem
235 3996 297 4054 lraec
312 3997 509 4071 praelibamina
524 3999 666 4074 amicitiae,
684 4015 769 4072 quam
783 4002 928 4074 experturi
942 4009 1039 4064 essent
1049 4003 1216 4066 adsertores
1230 4005 1297 4065 veri·

126 4097 194 4155 tatis
209 4101 246 4160 ab
260 4100 443 4163 adversariis.
