2678 4546
91 217 134 277 dit
154 219 233 292 bien,
258 218 340 292 quasi
355 216 463 279 diceret
477 217 550 277 bene
566 223 622 294 cst,
646 216 749 278 facium
765 235 864 279 corum
883 220 1074 294 mentionem,
1097 219 1178 295 quod
1192 220 1263 281 Deus

90 320 170 383 faxit.
208 324 304 398 Atque
323 325 370 383 hio
391 322 446 383 fuit
464 325 550 399 husius
573 325 629 384 dici
648 329 738 384 actus.
776 323 989 384 cubicularium
1009 329 1262 402 autem·argenteo

90 445 175 489 numo
190 429 403 503 honoravimus,
429 437 462 490 ut
480 431 572 491 nostri
593 448 662 504 ergo
683 430 846 504 diligentius
866 430 944 505 apud
962 431 1117 506 praesulem
1138 433 1261 494 instaret.

179 535 256 595 Dum
275 535 429 610 hospitium
450 536 627 597 boloniensis
641 537 871 611 praeterivimus,
900 537 1053 612 episcopus
1072 543 1164 613 caput
1186 555 1202 598 e
1225 536 1261 598 ie·

92 646 191 702 nestra
205 643 337 716 porrigit,
354 642 399 701 cui
414 642 504 704 dectis
520 643 660 718 capitibus
674 643 813 703 honorem
825 642 986 719 habuimus,
1000 643 1070 704 lieet
1080 645 1106 703 is
1121 660 1175 704 nos
1188 649 1262 705 torve

91 747 260 807 intueretur.
1071 819 1075 829 s

178 854 287 914 Eadem
309 872 328 915 a
350 855 473 929 quodam
496 857 671 931 accepimus,
702 854 852 916 Cattorum
878 854 1002 931 principi
1028 856 1207 930 injunctum,
1233 861 1262 914 ut

90 959 241 1034 capsellam
263 966 314 1020 aut
334 977 430 1021 arcam
451 963 560 1038 potius,
584 963 615 1020 in
637 979 694 1035 qua
715 961 743 1021 d.
764 959 942 1021 Ehzabethae
960 961 1092 1035 reliquiae
1112 966 1261 1023 asservata

88 1070 199 1138 essent,
224 1065 320 1126 domui
336 1067 500 1126 Teutonicae
516 1068 546 1126 in
560 1066 720 1142 Marpurgo
735 1067 818 1127 reddi
833 1072 957 1127 curaret.
980 1074 983 1078 ’
1202 1098 1210 1117 -=

177 1170 289 1230 Aderat
309 1178 339 1231 et
352 1172 490 1246 Augustae
510 1174 638 1233 ioannes
657 1190 676 1233 a
695 1172 831 1232 Reidesel
852 1171 1130 1235 archimarschaluus
1144 1175 1258 1246 uuae,

89 1276 135 1337 cni
149 1291 213 1336 cum
227 1275 332 1337 abbate
347 1276 544 1338 Hersfeldensi
560 1280 597 1339 ob
613 1279 778 1353 oppidulum
793 1277 910 1352 aliquod
922 1293 971 1338 res
985 1283 1059 1339 erat.

177 1381 288 1441 Eadem
294 1384 313 1442 J
314 1401 422 1444 oannes
433 1382 531 1459 frater,
541 1385 684 1459 Liborius,
700 1384 889 1445 Wendelinus
903 1390 933 1444 et
943 1382 1067 1444 Lindius
1080 1401 1146 1445 eum
1159 1386 1257 1461 scripto

90 1491 285 1564 compromissi
307 1491 345 1551 ad
366 1491 509 1551 dominam
530 1492 687 1567 principem
710 1491 892 1562 missisunt,
915 1504 975 1550 nou
994 1494 1056 1549 tam
1080 1491 1121 1551 ad
1146 1507 1208 1552 enm
1228 1506 1257 1550 ee
1285 1498 1289 1505 '

89 1595 239 1673 agendum,
259 1613 316 1671 quo
331 1597 454 1672 sigillum
469 1598 624 1673 appendat,
645 1614 731 1672 quam
745 1614 782 1658 ne
798 1613 816 1656 a
831 1595 915 1656 nobis
929 1600 1096 1670 contempta
1108 1596 1255 1669 rideretur,

89 1708 122 1763 ut
136 1703 227 1762 multa
241 1699 315 1762 fiunt
334 1702 372 1762 ab
392 1703 563 1778 hominibus,
587 1719 651 1778 quae
667 1704 778 1762 etiamsi
792 1702 954 1763 intermissa
970 1702 1088 1778 vehent,
1111 1708 1208 1765 umen
1219 1698 1253 1762 fs·

89 1806 190 1870 cienda
204 1809 332 1869 veniunt.
362 1809 499 1870 Attamen
514 1811 639 1885 sigillum
654 1825 813 1883 appensum
827 1814 881 1869 est.

176 1914 287 1975 Eadem
307 1914 508 1976 Ferdinandus
529 1932 582 1976 rex
599 1931 734 1989 proceres
755 1915 865 1988 aliquot
878 1913 922 1974 ad
942 1913 1088 1974 dominum
1106 1915 1250 1989 prinoipem
1284 1926 1289 2033 Ι

89 2019 184 2094 mittit,
207 2037 259 2094 per
280 2036 330 2080 eos
349 2037 465 2096 rogans,
488 2025 522 2080 ut
541 2020 667 2080 crastino
687 2019 725 2081 ad
743 2021 844 2080 horam
862 2020 1017 2080 secundam
1036 2019 1249 2095 pomeridianum
1284 2044 1287 2049 ·

88 2124 215 2199 exequiis
238 2127 314 2199 regis
334 2126 463 2185 Poloniae
484 2127 623 2186 interesse
645 2126 721 2186 velit.
761 2125 905 2200 Optimam
928 2125 1090 2200 principem
1112 2142 1132 2186 a
1156 2123 1247 2186 unm
1277 2112 1288 2243 ff

88 2230 163 2304 regis
179 2230 304 2291 coelestis
319 2233 405 2291 timor
427 2237 456 2292 et
474 2232 619 2292 reluctans
642 2234 817 2292 couscientia
838 2231 926 2306 angit,
950 2248 969 2292 a
989 2231 1115 2293 sinistris
1134 2235 1246 2308 poenus
1277 2246 1281 2255 ·

88 2336 197 2396 terreni
211 2322 288 2411 regis
302 2336 507 2412 sanguinisque
521 2339 728 2413 propinquitas.
760 2338 835 2398 Nam
855 2343 885 2396 et
898 2342 991 2397 mater
1006 2338 1208 2414 Laudtgrnvie
1218 2348 1244 2395 ex

87 2444 168 2519 regio
191 2442 367 2503 Polonorum
391 2445 531 2518 sanguine
552 2449 628 2516 erat,
652 2449 681 2502 et
702 2444 798 2503 mariti
817 2445 938 2520 insuper
961 2444 1115 2518 captivitas
1137 2444 1242 2506 drus

86 2548 227 2610 Dominus
250 2556 393 2611 scrutator
414 2567 516 2610 renum
538 2555 568 2610 et
589 2555 757 2609 moestorum
787 2549 917 2609 cordium
944 2551 1111 2612 consolator
1137 2550 1185 2611 det
1202 2542 1242 2621 ipsi

86 2657 255 2729 sapientiam
271 2663 300 2716 et
314 2656 476 2730 consilium,
500 2672 557 2729 quo
572 2638 731 2730 periculum
745 2655 866 2715 evadere
880 2656 981 2730 possit.

174 2761 265 2819 Filius
280 2762 357 2835 regis
372 2761 500 2821 Polouiae
515 2761 591 2835 regis
600 2760 776 2822 Ferdinandi
790 2759 878 2821 filiam
892 2761 923 2820 in
937 2776 1059 2821 uxorem
1072 2760 1242 2837 habuitque
1268 2746 1278 2777 ²

87 2871 154 2925 ante
169 2880 261 2924 annos
277 2863 380 2923 abhinc
395 2869 456 2925 tres
471 2867 530 2926 vita
545 2868 673 2926 excessit.
1275 2862 1280 2891 ²

176 2968 288 3029 Eadem
310 2970 398 3030 Ottho
419 2987 513 3031 comes
535 2989 553 3032 a
572 2951 720 3046 Rethberg
739 2989 791 3047 per
813 2973 975 3032 ministrum
993 2989 1078 3033 suum
1100 2972 1245 3035 waldeno

87 3079 117 3136 in
140 3077 294 3136 crastiuum
318 3077 356 3137 ad
377 3077 528 3152 prandium
550 3079 678 3154 vocavit,
707 3080 753 3139 cui
776 3094 884 3140 morem
905 3092 1010 3152 gerere
1031 3092 1093 3139 non
1116 3094 1199 3141 unam
1218 3073 1248 3135 ob

87 3197 200 3243 oausam
214 3183 285 3243 utile
301 3184 383 3244 nobis
398 3183 558 3244 videbatur.

173 3288 283 3347 Eadem
297 3290 477 3350 Friderioum
492 3305 605 3364 quoque
619 3305 638 3348 a
654 3289 851 3364 Furstenberg
872 3289 974 3349 adesse
994 3290 1138 3365 comperti
1155 3302 1249 3351 sumus

174 3393 343 3455 Wilhelmus
357 3412 451 3456 comcs
467 3402 582 3455 nostros
597 3397 773 3469 interrogat,
797 3396 912 3468 quinam
926 3410 957 3453 se
979 3408 1028 3456 res
1050 3400 1160 3456 nostrae
1173 3392 1248 3455 nate

86 3504 159 3557 rent.
190 3497 229 3557 Et
244 3506 429 3575 posteaquam
445 3501 563 3561 edoctus
577 3500 640 3574 init,
665 3500 767 3574 quibus
783 3500 977 3575 sycophantiis
993 3499 1145 3561 nobiseum
1158 3500 1250 3561 noue

85 3610 143 3680 tur,
168 3603 306 3679 profecto,
331 3607 432 3680 inquit,
458 3606 611 3666 dolendum
626 3610 679 3679 est,
697 3605 774 3679 quod
790 3623 864 3665 unus
878 3604 964 3665 homo
980 3607 1077 3667 omnia
1091 3610 1248 3683 exequatur,

86 3707 204 3784 Gallica,
229 3710 340 3785 Italica,
363 3711 492 3786 Anglica,
517 3710 687 3771 Germanica
703 3717 732 3771 et
749 3713 868 3785 negocia
887 3716 916 3771 et
934 3711 1108 3788 legationes,
1132 3704 1249 3773 nuclei

84 3821 189 3894 potest,
213 3817 294 3877 utin
314 3821 396 3876 tanta
415 3816 598 3890 negociorum
618 3818 701 3889 mole,
726 3817 788 3876 sine
808 3817 973 3891 longissima
992 3833 1086 3891 more,
1110 3818 1248 3893 quicqu

85 3920 123 3981 ed
138 3919 224 3982 finem
238 3925 329 4000 probe
344 3921 463 3997 perduci
478 3926 573 3995 queat.
605 3921 701 3994 Quare
722 3921 844 3982 dominis
863 3924 967 3983 vestris
987 3924 1171 3999 cunctatione
1187 3928 1246 3997 ⁰1!

87 4032 139 4098 est,
162 4034 194 4087 ut
209 4029 337 4103 quotidie
352 4031 469 4088 instent.
500 4027 540 4085 Et
560 4027 626 4087 dum
647 4030 738 4088 nostri
757 4027 894 4101 dicerent,
919 4045 971 4088 nos
991 4034 1022 4090 et
1041 4030 1150 4105 sepius
1163 4025 1243 4089 etlu-

87 4136 209 4206 portuno
222 4135 339 4209 moure,
361 4133 521 4211 respondit,
544 4133 624 4195 Nihil
638 4132 736 4195 retent.
775 4133 852 4196 Nam
866 4134 979 4195 etiamsi
992 4149 1045 4195 vos
1059 4135 1140 4211 ipsos
1151 4134 1241 4209 im

1273 4298 1289 4509 ι
