2678 4546
73 244 166 306 rendn
181 251 237 304 etc.
268 243 401 304 Pluribus
417 245 455 304 dc
468 244 513 304 his
527 244 675 304 Musonius
691 246 882 305 sincerissime
897 247 1002 306 docuit.
1034 249 1078 309 Dc
1094 250 1129 308 iis
1144 256 1248 324 autem,

74 367 139 424 qnae
154 355 326 425 sequnntm,
349 349 422 410 dixit
436 367 467 410 sc
481 352 512 409 in
527 352 706 427 expositione
725 355 763 410 12
781 354 882 425 capitis
898 354 1057 415 luculenter
1072 356 1249 430 disseruisse,

75 458 124 516 nbi
145 455 207 517 lere
229 456 332 516 codem
346 455 436 515 rerba
451 462 639 530 ponerentur,
665 458 797 517 nimirum
817 457 891 517 haec:
919 460 976 519 »Et
996 477 1073 519 nnuc
1091 460 1150 519 dixi
1169 460 1250 519 robis

76 565 243 637 priusquam
262 560 322 637 fiat,
345 568 379 621 ιιι
395 578 459 621 cum
479 560 585 623 iactum
599 560 696 636 inerit,
721 563 876 622 credatis«
909 564 1009 624 Obiter
1029 571 1125 625 tamen
1140 566 1250 623 monuit

75 669 122 727 hic
137 686 191 728 nos
205 668 316 728 discere
331 666 446 742 dobere,
462 673 494 726 ιιι
509 668 604 729 verbis
620 667 727 727 Christi
742 668 862 728 firmiter
875 670 1033 745 credamus,
1046 671 1127 744 certi,
1144 670 1248 743 omnia,

76 790 140 847 qnae
154 774 331 848 predixerit,
349 780 487 833 eventura
502 790 573 833 esse,
605 774 755 849 Quoniam,
771 775 872 849 inquit,
885 776 968 848 jnxta
984 776 1105 835 Paulum
1119 773 1191 835 fides
1205 781 1250 834 cst

10 900 17 914 ·
75 894 176 937 earnm
187 894 287 939 rernm
301 894 365 952 quae
379 885 532 952 sperantur
547 878 737 954 substantia¹,
751 886 948 953 argumentum
963 886 1059 939 autem
1068 896 1174 955 eornm,
1186 896 1250 953 qum

75 1000 133 1044 non
153 984 301 1058 videntur,
324 985 370 1042 vol
390 989 424 1042 nt
441 990 523 1042 retus
537 984 622 1044 lectio
636 984 737 1058 habet,
759 991 959 1059 argumentum
980 1002 1076 1045 rerum
1096 985 1250 1059 speranda·

74 1108 138 1149 rum
153 1106 221 1149 non
234 1089 442 1163 apperentium,
466 1088 539 1147 nihil
557 1092 654 1164 magni
671 1089 783 1166 feceris,
800 1093 824 1151 si
840 1092 941 1151 credas
956 1108 999 1166 ea,
1024 1108 1088 1166 quae
1099 1093 1160 1166 jam
1174 1088 1250 1150 facts

74 1201 151 1270 snut,
177 1210 243 1269 qua
257 1194 304 1253 vel
317 1194 425 1267 videre,
448 1195 495 1254 vel
509 1196 641 1255 manibus
655 1197 775 1271 palpare
796 1199 882 1256 etiam
903 1214 1000 1270 queas.
1032 1197 1089 1256 Sed
1108 1195 1181 1255 adeo
1196 1194 1250 1255 tibi

10 1338 15 1365 ·.
75 1316 246 1377 persuasum
259 1299 377 1375 habens,
401 1305 481 1359 certo
502 1317 546 1374 ea,
570 1317 634 1374 quae
650 1301 780 1360 Christus
800 1302 943 1378 praedixit,
967 1309 1106 1361 eventura
1121 1317 1194 1375 esse,
1218 1306 1250 1359 ut

74 1408 158 1480 quasi
174 1406 237 1478 jam
256 1402 333 1465 facta
353 1405 390 1464 de
409 1405 454 1464 his
474 1405 547 1464 nihil
566 1406 689 1466 dubites,
728 1408 798 1467 Inde
813 1407 865 1467 tibi
880 1408 1041 1466 uberrimus
1055 1405 1165 1466 fructrm
1181 1421 1247 1465 con·

10 1566 25 1585 „
73 1511 224 1571 scientiam
237 1509 408 1571 confirmans
420 1510 559 1570 elicietur.
577 1511 607 1570 Si
622 1510 720 1571 videas
735 1513 812 1572 hisce
827 1514 1003 1588 temporibus
1017 1514 1171 1574 multorum
1184 1512 1249 1571 cha·

10 1642 25 1687 c.
73 1618 192 1677 ritatem
213 1614 394 1691 refriguisse,
423 1616 529 1691 cogita:
557 1616 695 1677 Dominus
719 1619 759 1676 sic
781 1616 908 1677 futurum
930 1619 1072 1693 praedixit.
1113 1616 1250 1678 simfliter

10 1748 29 1794 ς
72 1724 102 1782 in
121 1721 327 1784 afflictionibus
347 1722 400 1782 tibi
422 1722 526 1782 solatio
547 1723 615 1796 erit,
641 1723 714 1782 siin
734 1729 856 1783 mentem
877 1725 985 1797 seruiat,
1011 1724 1154 1783 dominum
1173 1720 1249 1797 qnod

11 1839 34 1899 ir
72 1830 132 1887 suis
146 1828 221 1888 talis
235 1834 374 1887 eventura
393 1833 460 1887 sunt
478 1827 645 1900 praedixisse
667 1835 696 1888 et
716 1827 837 1888 eundem
856 1830 1010 1902 pollicitum
1035 1843 1111 1899 esse,
1135 1840 1249 1886 sesnes

26 1956 38 2001 ι,-
72 1950 131 1993 non
147 1932 362 1993 derelicturum.
393 1934 465 1992 Item
480 1931 567 1993 faciet
580 1938 613 1992 nt
626 1951 664 1993 ne
680 1933 825 2008 desperes,
849 1933 902 1992 sed
922 1934 952 1991 in
972 1933 1112 2009 patientia
1125 1932 1249 1990 animam

30 2064 42 2107 o
73 2046 152 2099 mam
165 2039 315 2112 possideas
330 2043 385 2097 cto.
417 2040 487 2098 Post
497 2039 559 2097 haec
576 2039 661 2098 »Non
675 2039 794 2098 multum
806 2040 909 2111 loquor
920 2039 1096 2109 vobiscum«,
1113 2036 1185 2096 dixit
1199 2036 1248 2096 dc·

42 2156 51 2213 t
74 2147 179 2205 minum
199 2146 264 2204 lraec
287 2145 392 2204 dixisse
411 2145 447 2204 ob
467 2145 639 2204 vicinitatem
655 2145 822 2204 instantium
844 2145 1034 2217 periculorum
1057 2149 1110 2202 etc.
1153 2143 1249 2201 »Nam

51 2280 56 2312 ι
78 2253 152 2311 venit
162 2250 299 2324 princeps
312 2250 409 2309 mundi
420 2250 524 2323 hujus«
536 2256 590 2310 stc.
614 2251 708 2309 Multa
722 2250 758 2309 de
768 2250 895 2310 Sathena
909 2250 1038 2324 principe
1052 2248 1150 2308 mnndi
1165 2248 1248 2321 hujus

58 2352 175 2417 ictsnis
196 2356 355 2431 conjuratis
375 2354 517 2429 disseruit,
542 2361 571 2414 et
591 2355 668 2427 quod
687 2355 826 2415 sathanici
848 2355 965 2414 asseclae
985 2372 1062 2414 nunc
1080 2356 1247 2425 acclament,

64 2490 66 2495 ·
84 2464 169 2523 munia
186 2462 266 2520 mclc
285 2466 316 2520 ot
331 2459 473 2521 dedecora
487 2460 524 2520 ob
540 2476 642 2520 novam
658 2461 703 2535 (ut
716 2461 770 2534 ipsi
792 2458 907 2533 vocant)
928 2460 1069 2532 evangelii
1089 2460 1248 2518 doctrinam

86 2564 225 2628 imundc
246 2571 348 2639 encta,
372 2582 435 2623 cnm
455 2572 551 2625 tamen
567 2583 649 2625 nemo
664 2582 790 2639 unquam
806 2564 902 2642 (modo
917 2581 1002 2623 verns
1022 2565 1161 2637 evangelii
1176 2578 1249 2636 prrs-

87 2671 185 2733 licctor
199 2668 341 2743 extiterit)
357 2671 403 2730 vel
417 2672 531 2730 unicum
545 2672 652 2731 malum
667 2670 777 2730 facinus
794 2671 932 2742 docuerit,
958 2680 987 2727 et
1007 2684 1097 2726 caecns
1115 2667 1247 2741 mundus,

87 2775 175 2854 spuit,
199 2794 259 2838 non
274 2776 437 2836 considerat
453 2777 588 2837 satanam
610 2794 674 2837 esse
694 2777 848 2851 principem
869 2773 966 2834 mundi
980 2773 1075 2848 hujus,
1100 2776 1149 2847 qni
1170 2774 1248 2833 hisce

89 2884 209 2943 meniis
222 2879 403 2957 temporibus
418 2885 509 2957 magis
522 2882 644 2942 lerociat
657 2899 709 2955 per
724 2898 835 2957 organa
849 2897 902 2940 sua
915 2896 1040 2953 regnans
1062 2885 1091 2939 et
1106 2879 1248 2953 operatio·

88 3002 140 3047 mm
153 3004 236 3048 snam
256 2990 289 3047 in
310 2986 377 3047 filiis
397 2986 563 3049 diffidentiae
585 3005 730 3061 exercens,
753 2987 952 3047 callidissimus
972 2987 1047 3044 enim
1062 2987 1179 3058 spiritns
1194 2990 1246 3058 est,

87 3094 154 3153 norit
165 3099 282 3169 tempus
300 3092 440 3151 adventus
461 3091 569 3152 Christi
588 3093 678 3169 (quod
697 3093 776 3153 hond
795 3095 879 3166 longe
903 3088 997 3165 abest)
1019 3094 1137 3149 instare.
1172 3090 1247 3149 Nam

87 3206 194 3260 mustus
216 3203 261 3258 est
286 3199 404 3271 spiritns
424 3200 472 3257 ille
492 3215 615 3272 nequam
635 3215 698 3256 cum
719 3200 832 3258 Christo
853 3200 938 3256 ctiam
962 3195 1076 3255 domino
1099 3195 1247 3267 scripturis

86 3310 200 3379 mrtare3
217 3305 284 3364 lmic
299 3306 413 3378 spiritui
427 3306 582 3377 immundo,
599 3321 656 3363 non
670 3305 793 3363 innoxiae
810 3303 947 3362 doctrinae
958 3301 1129 3373 evangelice
1145 3305 1248 3358 cuncta

88 3413 205 3471 mormia
219 3415 338 3483 accepta
353 3408 486 3469 ieramus.
517 3412 637 3482 Insuper
652 3409 800 3467 Muscnlns
820 3406 924 3480 docuit,
948 3423 1034 3480 quam
1054 3407 1163 3465 cunctis
1178 3403 1247 3464 fide·

90 3512 148 3593 Ιἰιιιιι
161 3518 200 3576 sit
213 3516 317 3576 solatio
325 3515 469 3575 Christum
484 3514 601 3574 dixisse:
619 3515 697 3574 »Sed
709 3515 738 3572 in
750 3531 796 3572 me
811 3530 867 3572 non
882 3512 969 3571 habet
983 3514 1166 3586 quicquam«
1190 3512 1249 3571 Pcr

93 3616 222 3683 tristam
243 3622 320 3680 enim
341 3621 388 3680 lric
409 3622 542 3694 princeps
565 3620 692 3680 devictus
713 3623 769 3692 cst,
793 3635 845 3678 nec
868 3620 1019 3692 quicquam
1040 3619 1070 3676 in
1092 3635 1157 3677 enm
1173 3618 1248 3691 juris

96 3726 168 3787 'lbet
198 3726 294 3798 Sicut,
318 3727 424 3800 inquit,
449 3744 501 3786 nec
521 3728 550 3784 in
573 3742 684 3798 omnm,
708 3727 758 3800 qui
773 3724 886 3783 Christe
907 3731 935 3782 et
955 3726 1016 3798 ejus
1035 3724 1123 3784 verbo
1145 3721 1246 3792 fidunt,

98 3828 129 3891 lsi
141 3836 283 3907 quantum
297 3831 340 3890 illi
360 3837 390 3890 et
409 3832 523 3905 quando
544 3849 580 3890 ex
601 3830 698 3890 divina
718 3831 904 3905 permissione
923 3831 979 3904 ipsi
998 3835 1099 3889 contra
1112 3843 1166 3887 nos
1181 3841 1248 3884 con·

101 3936 193 4010 uitur,
219 3951 280 3995 non
295 3942 432 4011 quantum
446 3939 489 3996 illi
502 3936 593 4009 libuit,
617 3940 650 3994 ut
664 3941 785 4030 apparet
800 3954 836 3997 ex
850 3936 971 3997 historia
984 3935 1003 3994 J
1005 3936 1050 3995 ob.
1082 3930 1162 3992 Nihil
1178 3945 1248 4006 ergo

653 4068 669 4102 ’lt

143 4154 222 4207 llis.
245 4153 302 4206 aba
