2678 4546
652 55 715 124 179

95 243 177 297 antes
192 236 348 298 habebant
370 236 454 297 Licet
468 240 542 297 enim
557 244 630 298 teste
645 239 674 298 d.
690 238 782 298 Paulo
797 238 889 298 Deum
909 254 946 299 ex
961 240 1111 300 elementis
1126 242 1223 303 mundi
1239 250 1270 303 et

96 343 241 402 creatione
260 359 359 401 rerum
378 344 561 416 agnoverint,
587 349 682 403 tamen
701 349 734 402 ut
750 347 779 401 et
794 341 831 401 ab
853 343 953 404 eodem
968 345 1006 404 ad
1019 346 1103 405 Rom.
1119 348 1133 406 I
1148 350 1266 422 culpan-

96 455 151 521 tur,
167 462 227 505 non
241 452 275 505 nt
288 446 385 506 Deum
403 448 449 505 vel
464 447 696 520 glorificaverunt
714 449 759 507 vel
774 449 960 508 honorarunt.
1000 450 1096 523 Quare
1112 453 1184 510 ethi
1200 469 1267 513 con-

96 545 210 612 sultore'
218 550 349 611 Sathena
368 550 406 609 ob
426 552 576 613 vamtatem
596 550 795 612 christifideles
816 552 979 612 enormibus
999 551 1145 629 suppliciis
1160 559 1190 615 et
1204 572 1268 617 cru·

97 657 241 715 delissimo
256 656 396 729 martyrio
411 654 584 715 afflixerunt.
623 657 737 716 Pseudo
758 674 827 716 vero
850 657 997 716 christiani
1020 659 1091 717 nihil
1104 660 1197 720 minus
1212 661 1268 721 sibi

96 762 232 834 imputari
251 762 364 832 sinunt,
385 776 471 832 qnam
493 761 569 833 quod
590 759 733 820 Christum
753 768 782 820 et
804 778 871 820 suos
892 763 930 821 ob
949 763 979 821 id
994 763 1072 836 quod
1087 761 1200 824 Christo
1215 780 1266 823 no-

96 866 171 923 mina
186 864 322 925 dederint
335 870 365 923 ct
379 864 485 924 Christi
500 865 675 924 uoluntatem
689 866 870 939 annuncient,
886 872 1106 940 persequantur,
1127 868 1179 926 sed
1194 867 1267 929 uliae

96 983 196 1029 musas
211 968 377 1031 crudelitati
391 974 421 1027 et
435 969 570 1042 nequitia
585 985 645 1026 suae
660 969 843 1042 praetendunt
860 971 926 1046 (hoc
940 979 1035 1029 autern
1051 972 1171 1044 putavit,
1188 970 1266 1045 quod

96 1072 129 1131 de
141 1073 262 1131 Arianis
275 1089 328 1145 per
341 1073 504 1132 Masculum
518 1089 604 1132 versa
618 1075 724 1146 pagina
740 1074 846 1132 dictum
861 1072 974 1148 scripsi)
990 1076 1099 1134 scilicet
1114 1076 1192 1147 quod
1207 1077 1267 1134 sint

96 1176 223 1235 homines
245 1177 395 1237 seditionis
413 1183 559 1251 amantes,
583 1177 733 1236 traditioni
754 1184 867 1250 patrum
882 1177 1061 1252 refragantes
1077 1185 1106 1237 et
1120 1180 1201 1238 illum
1216 1182 1267 1253 qui

98 1279 178 1340 nodo
193 1286 240 1339 est
253 1281 381 1340 ecclesia
396 1298 464 1339 usus
479 1280 681 1355 perturbantes
690 1287 745 1340 etc.
768 1283 814 1339 Ita
829 1289 859 1341 et
873 1288 971 1342 nostro
982 1284 1078 1342 seculo
1094 1300 1152 1341 non
1167 1284 1197 1342 in
1212 1299 1266 1341 nos

96 1387 231 1458 sedunt,
258 1385 337 1458 quod
350 1387 529 1459 evangelium
543 1387 763 1460 annunciamus,
785 1386 837 1444 sed
860 1386 937 1458 quod
952 1388 1040 1445 simus
1054 1387 1193 1461 haeretici,
1217 1388 1266 1460 qui

97 1506 159 1549 rere
173 1491 326 1551 veritatem
340 1490 505 1563 praedicent.
544 1490 615 1549 Haec
634 1496 729 1550 autem
752 1491 855 1550 solatio
871 1490 953 1550 nobis
969 1508 1032 1551 esse
1050 1493 1163 1564 debent,
1188 1491 1266 1564 quod

98 1592 225 1654 Christus
249 1595 336 1654 dixit:
360 1594 431 1653 Haec
450 1596 547 1654 omnia
564 1600 682 1669 propter
705 1610 809 1653 nomen
828 1611 923 1653 meum
945 1593 1051 1656 facient
1071 1595 1170 1670 vobis,
1187 1593 1267 1667 quod

99 1698 173 1773 digni
185 1699 351 1759 habeantur
368 1696 456 1757 ¹haec
470 1700 531 1772 pati
545 1703 665 1772 propter
680 1715 784 1757 nomen
806 1699 921 1758 domini.
960 1699 1051 1760 Addit
1066 1716 1180 1773 quoque
1196 1698 1266 1772 quid

101 1810 171 1863 esset
183 1804 223 1863 ob
237 1819 343 1862 nomen
358 1799 466 1863 domini
480 1800 525 1861 vel
545 1803 631 1861 etiam
651 1814 753 1861 nomen
769 1798 883 1861 domini.
923 1803 1039 1862 Certum
1054 1808 1099 1861 est
1114 1802 1189 1862 enim
1203 1819 1264 1861 ser·

102 1924 159 1967 rum
170 1906 289 1968 fidelem
309 1912 340 1967 et
360 1906 427 1967 odio
447 1911 477 1965 et
490 1907 735 1981 persecutionibus
751 1908 787 1967 ob
810 1924 915 1967 nomen
930 1908 1037 1966 domini
1052 1909 1096 1966 sui
1111 1906 1264 1967 obnoxium

103 2027 165 2072 asae.
202 2013 301 2072 Donet
322 2018 420 2071 autem
437 2011 517 2071 Deus
537 2007 659 2085 optimus
683 2009 823 2071 maximus
845 2019 878 2072 nt
900 2011 957 2071 fide
971 2011 1055 2072 firma
1078 2019 1107 2071 et
1122 2012 1264 2086 patientia

104 2117 251 2177 hristiana
270 2117 341 2175 nihil
359 2117 396 2176 ob
415 2116 537 2175 nominis
559 2115 667 2175 domini
689 2123 718 2175 et
732 2117 861 2175 veritatis
884 2118 1058 2190 agnitionem
1074 2116 1195 2176 sufferre
1211 2116 1261 2176 de-

105 2228 258 2294 memus,
274 2219 474 2294 recogitantes,
491 2218 568 2293 quod
584 2221 644 2292 ipse
660 2216 786 2279 salvator
805 2226 904 2280 noster
923 2218 1062 2280 amundo
1078 2228 1108 2281 et
1123 2221 1182 2280 suis
1197 2237 1263 2296 per·

107 2327 256 2385 trudonea
276 2341 378 2397 passus
400 2327 453 2399 sit,
477 2330 508 2385 et
521 2325 646 2399 apostoli
661 2329 690 2384 et
704 2328 845 2397 martyres
860 2332 1004 2399 rutenos,
1028 2333 1060 2385 ut
1074 2341 1261 2400 perseueran-

109 2444 139 2489 ω
153 2426 167 2464 ⁸
180 2432 213 2488 in
226 2419 313 2488 finem
327 2434 360 2487 nt
379 2430 459 2503 cujus
474 2429 635 2504 passionem
649 2430 805 2503 participes
819 2431 921 2501 simus,
948 2432 1009 2502 ejus
1025 2446 1139 2503 quoque
1154 2429 1261 2502 gandia

111 2532 313 2593 assentiamus.
349 2533 385 2593 Id
398 2538 438 2605 te,
454 2550 562 2592 summe
577 2539 670 2607 pater,
686 2549 740 2606 per
754 2533 772 2591 J
775 2549 854 2591 esum
865 2532 1010 2591 Christum
1025 2532 1170 2591 dominum
1185 2538 1215 2591 et
1227 2533 1262 2590 li-

113 2643 257 2697 teraturam
271 2642 402 2697 nostrum
417 2639 533 2696 unicum
547 2635 637 2695 filium
651 2642 732 2695 tuum
746 2637 892 2695 humiliter
907 2635 1109 2710 deprecamur,
1126 2651 1189 2695 cnm
1207 2652 1264 2708 quo

115 2740 148 2801 H
159 2748 189 2801 et
201 2747 304 2801 sancto
317 2743 432 2817 spiritui
446 2742 636 2815 sempiternus
651 2741 689 2800 sit
703 2741 806 2814 honor,
827 2741 890 2798 laus
906 2746 935 2799 et
950 2740 1042 2813 gloria
1056 2740 1087 2797 in
1101 2746 1203 2800 cuncta
1217 2756 1263 2799 se·

118 2844 162 2905 nia
173 2846 344 2906 mentorum.
366 2846 469 2906 Arnen.

121 3008 130 3015 .
180 2949 291 3010 Fadana
312 2968 331 3012 a
348 2951 485 3010 concione
508 2952 539 3009 in
560 2950 616 3008 hoc
633 2950 741 3024 templo
761 2947 789 3008 d.
814 2946 944 3009 Mauritii
965 2948 1102 3023 optimum
1126 2950 1219 3008 vnum
1234 2948 1263 3008 d.

122 3054 235 3115 aeobum
248 3055 346 3115 Sturnu
359 3056 500 3128 alloqunti
514 3071 628 3127 sumna,
648 3070 683 3113 ac
703 3069 759 3128 quo
781 3054 811 3112 in
826 3059 904 3114 statu
923 3070 970 3112 res
990 3060 1096 3113 nostrae
1112 3059 1208 3112 essent
1222 3053 1264 3111 illi

124 3160 294 3233 mmmm,
313 3174 349 3218 ac
368 3175 433 3218 cnm
448 3174 482 3218 eo
496 3159 574 3232 quod
598 3158 636 3217 ab
652 3160 713 3231 ipso
730 3162 759 3217 et
773 3159 836 3217 aliis
851 3158 967 3217 auditur
980 3157 1146 3217 Ratisbonae
1161 3155 1193 3214 in
1207 3157 1265 3214 ool·

126 3262 190 3335 ηιίο
204 3263 368 3323 nominatus
382 3280 483 3338 essem
501 3280 535 3323 ac
549 3264 620 3337 quid
634 3264 703 3322 mihi
720 3279 756 3322 ex
771 3279 804 3321 ea
821 3259 1009 3337 profectione·
1019 3261 1180 3335 contigerit,
1196 3275 1264 3318 con·

127 3362 159 3443 Ι.
178 3365 236 3439 oui
249 3366 303 3426 ait:
323 3367 364 3427 Et
378 3366 448 3440 qnid
461 3368 493 3427 in
507 3383 542 3427 ea
555 3385 588 3427 re
602 3383 722 3441 peccare
744 3366 886 3443 potuisti?
912 3368 966 3426 nisi
982 3367 1058 3439 quod
1073 3367 1198 3441 principi
1212 3370 1264 3425 tuo

129 3482 210 3545 tque
223 3471 368 3533 tenebaris
382 3470 487 3546 iacere,
502 3471 623 3533 iaceres.
647 3473 705 3533 Sed
715 3475 756 3532 sic
770 3489 817 3531 res
832 3489 863 3531 se
877 3473 974 3546 habet,
991 3488 1057 3531 nam
1071 3472 1143 3546 ipse,
1160 3471 1263 3545 inquit,

130 3572 197 3639 hm
209 3578 243 3635 in
256 3577 374 3660 modum
399 3577 562 3637 civitatibus
581 3583 692 3651 metuo,
713 3594 780 3638 nam
794 3593 870 3637 nunc
884 3578 960 3637 inter
974 3593 1075 3636 saxum
1095 3582 1125 3635 et
1138 3575 1265 3651 lapidem

131 3690 212 3755 nus
224 3682 309 3755 juxta
322 3681 515 3756 prouerbium.
540 3681 639 3741 Caesar
653 3684 728 3741 enim
744 3684 910 3741 commotior
924 3681 954 3739 in
969 3697 1021 3739 nos
1036 3680 1149 3754 objicit,
1166 3678 1265 3746 videre

132 3783 212 3863 pnihii
225 3802 279 3846 sua
292 3802 364 3860 erga
379 3802 432 3845 nos
446 3784 606 3861 clementio,
626 3785 699 3846 nihil
713 3788 844 3862 precibus
859 3787 905 3846 vel
918 3786 993 3845 heho
1005 3801 1118 3859 quoque
1127 3786 1265 3843 hacmnus

132 3885 265 3967 floriane,
289 3905 380 3964 quara
394 3889 450 3973 sibi
470 3889 578 3951 bellum
592 3892 804 3967 suscipiendum
819 3892 931 3952 videret
946 3891 1042 3964 priore
1057 3889 1147 3946 multo
1163 3885 1264 3946 crude·

133 4012 141 4071 ι
669 4027 685 4061 a

133 4140 138 4149 ·
169 4114 181 4160 l
198 4109 365 4163 habeamur?
437 4114 453 4160 9
472 4115 499 4162 ot
516 4114 732 4177 perrexerantes?
978 4186 1015 4240 12
1033 4181 1048 4214 *
