2706 4530
638 39 680 95 15

69 211 127 275 tur
142 209 226 274 verbi
241 226 304 274 esse
318 211 349 272 in
364 210 508 274 auditorio
522 214 561 274 ob
573 212 677 274 multas
692 227 794 274 causas
810 227 869 274 non
883 211 1018 274 audebat.
1057 213 1141 276 Viam
1154 220 1252 277 tamen

69 333 175 394 parare
193 318 271 395 apud
284 318 503 394 Marquardum,
519 320 674 380 comitante
688 319 782 395 ipsum
798 318 897 396 Floro,
913 320 1027 396 mugit
1050 320 1146 383 Maior
1160 321 1250 382 inter·

68 426 192 501 rogavit,
212 440 280 486 num
295 425 398 486 scirem
413 425 441 486 d.
452 425 596 488 Buoerurn
609 424 719 486 adesse.
747 423 895 502 Respondi
906 441 952 485 me
965 426 1081 501 qudem
1096 428 1250 503 accepisse,

69 533 164 608 ipsum
178 530 227 591 hic
239 528 338 606 fuisse,
354 530 405 591 sed
419 544 567 591 reversum
581 529 817 605 Argentoratum.
840 531 881 593 At
895 531 942 592 ille
959 533 1009 606 ait,
1025 531 1120 594 adhue
1134 532 1182 593 hio
1195 532 1246 593 de·

68 640 110 714 git
125 643 157 699 et
170 651 274 698 vocor·
288 635 331 695 illi
345 635 454 696 nullam
468 634 634 713 facultatem
649 634 774 697 abeundi
789 654 842 713 por
857 636 1000 698 Oaesarem
1014 639 1142 701 concedi.

157 742 301 805 Melchior
329 741 464 804 Garolum
484 741 576 804 Harst
609 741 763 804 olivensem
787 744 981 805 consiliarium
1003 745 1083 806 adiit.
1129 745 1251 807 caroius

68 849 155 925 paulo
172 852 241 924 post
254 846 440 909 Abebatensi
454 847 609 909 adventum
623 851 759 909 comitum
773 849 1004 912 Waldeoensium
1024 850 1177 924 indicavit,
1201 850 1253 924 qui

68 969 135 1014 mox
149 954 355 1028 interrogauit,
370 969 438 1013 num
452 954 478 1013 is
493 970 609 1029 quoque
624 953 755 1031 adesset,
779 957 829 1030 qui
844 955 986 1030 colloquio
1001 954 1194 1016 ratisbonensi
1207 956 1252 1016 in·

68 1057 226 1120 terluisset.
245 1058 297 1119 nit
311 1057 446 1121 Omolus:
464 1059 570 1121 Omnes
586 1061 635 1134 qui
648 1062 729 1123 citati
745 1067 812 1122 sunt
827 1060 945 1140 (nullium
959 1075 1064 1122 nomeu
1078 1057 1252 1136 exprimens)

68 1165 184 1227 adsunt.
222 1164 339 1226 Deinde
352 1164 439 1226 latius
453 1165 654 1228 Atrebatonsis
673 1183 738 1228 curn
757 1183 792 1229 eo
807 1165 958 1228 conserens
976 1164 1050 1226 infit.
1089 1165 1185 1241 Quare
1199 1165 1251 1227 do·

69 1272 137 1333 mini
151 1271 197 1332 tui
208 1271 332 1332 maxime
346 1270 392 1330 his
404 1270 582 1346 temporibus
596 1289 678 1334 arma
690 1274 806 1350 capiunt
818 1274 849 1334 in
863 1271 1055 1334 coloniensem
1066 1269 1251 1348 episcopum?

68 1376 230 1453 Respondit
245 1375 379 1439 Carolus:
396 1374 522 1437 Domine
536 1377 655 1453 praesul,
672 1379 731 1440 alia
744 1377 795 1440 fiet
806 1377 981 1441 informatio.
1004 1377 1093 1455 Bone,
1108 1377 1190 1453 bene,
1205 1379 1251 1439 in·

70 1485 134 1559 quit
148 1483 315 1559 episcopus,
331 1497 451 1544 necesse
465 1486 510 1544 est
525 1488 559 1543 ut
573 1497 606 1544 sc
620 1489 789 1559 expurgent.

156 1587 207 1650 Ad
223 1593 335 1650 sextam
355 1587 533 1648 Coloniensis
558 1586 601 1666 (si
621 1587 766 1666 creditur)
784 1591 846 1665 jam
863 1588 956 1653 factm
975 1591 1082 1652 amicus
1101 1589 1251 1652 adeundus

10 1744 12 1749 .
70 1698 147 1772 crat,
162 1691 217 1755 sed
231 1692 449 1771 niineffeotum
463 1699 517 1755 est.

157 1799 369 1862 intersertam
390 1803 420 1858 et
433 1799 583 1873 septimam
603 1815 698 1859 comes
720 1801 867 1863 aNaasau
888 1807 918 1861 et
931 1799 1078 1862 Adrianus
1097 1801 1251 1862 aZertnen

10 1924 16 1963 ι
70 1911 298 1983 apportaverunt
313 1904 359 1984 (ut
372 1905 458 1980 vulgo
473 1903 738 1981 diemo-scriptum
753 1907 949 1983 compromissi
963 1909 1039 1969 inter
1054 1906 1252 1968 coloniensem

10 2036 20 2067 ι
71 2018 98 2074 et
109 2028 175 2088 nos,
188 2012 324 2087 jubentes
335 2010 366 2072 id
375 2012 494 2088 perlegi,
511 2027 569 2087 quo
583 2011 622 2072 ad
635 2013 773 2073 mundum
787 2013 875 2074 scribi
889 2014 980 2087 possit
993 2018 1023 2074 et
1037 2012 1139 2089 sigillis
1153 2027 1250 2073 corro-

71 2119 182 2193 borari;
207 2116 287 2192 quod
305 2118 442 2194 scripturn
462 2133 548 2191 quarn
567 2118 697 2193 iniquum
717 2125 749 2181 et
764 2119 900 2181 acerbum
915 2117 1017 2196 inerit,
1041 2126 1161 2181 euentus
1182 2118 1250 2180 edos

71 2225 158 2302 oebit,
174 2223 230 2286 sed
245 2223 333 2302 (prob
349 2221 444 2298 dolor)
460 2224 557 2285 omnia
571 2224 658 2286 modo
674 2225 841 2287 devoranda
855 2232 931 2288 sunt.

10 2333 26 2389 'u
159 2330 221 2392 Sub
241 2335 371 2391 octauam
390 2327 497 2389 iratres
516 2334 547 2389 et
562 2345 616 2405 ego
636 2328 715 2408 (narn
735 2332 852 2395 Samuel
871 2333 987 2408 negotio
1007 2348 1040 2392 se
1059 2330 1252 2392 intermittere

56 2433 174 2522 noluit)
198 2433 405 2497 habitationem
425 2433 533 2494 domini
547 2433 738 2497 maximiliani
756 2437 918 2499 archiducis
931 2436 1058 2510 adimus,
1079 2435 1185 2496 ibidem
1201 2449 1250 2494 us-

10 2558 29 2599 n
71 2559 124 2620 qne
139 2541 180 2608 ad
191 2557 301 2604 nonam
314 2541 416 2603 boram
431 2545 630 2617 expectantem
651 2540 768 2601 tandem
783 2557 888 2603 venere
903 2541 1102 2615 colonienses,
1118 2543 1148 2599 et
1161 2539 1191 2599 hi
1206 2539 1250 2598 in-

10 2662 31 2706 s
69 2647 198 2711 momissi
211 2652 280 2708 sunt
293 2646 324 2706 iu
337 2644 514 2707 auditorium
528 2651 560 2707 et
572 2646 659 2721 paulo
674 2652 742 2721 post
755 2661 808 2706 nos
821 2662 876 2722 por
890 2647 1041 2708 ostiarium
1055 2645 1132 2705 intro
1147 2644 1251 2706 vocati

68 2752 130 2817 Illic
159 2753 397 2828 archiepiscopus
424 2751 595 2813 coloniensis
623 2768 677 2828 per
703 2750 875 2812 advocatum
905 2752 1049 2828 quendam
1076 2751 1107 2811 in
1127 2749 1252 2812 termino

10 2861 27 2914 Ι
64 2858 240 2924 mandatum
253 2858 369 2934 poenale
383 2857 504 2932 produci
518 2856 655 2932 incites
669 2862 765 2918 tamen
778 2859 974 2934 mitigatione,
990 2864 1022 2918 ut
1037 2858 1204 2928 testaretur,
1220 2870 1253 2915 se

64 2980 118 3046 spe
138 2964 305 3028 concordia
323 2963 456 3039 petitioni
476 2964 652 3025 exconmunis
672 2965 757 3025 modo
777 2962 981 3040 supersedere;
1005 2965 1031 3024 si
1051 2968 1148 3025 tamen
1166 2947 1254 3022 cama

10 3077 23 3121 ι
61 3070 147 3135 inter
159 3075 275 3148 partes,
298 3073 332 3129 ut
342 3069 403 3143 jorn
417 3071 544 3144 coeptum
559 3073 650 3145 esset,
672 3086 724 3144 per
744 3069 872 3156 arbitros
888 3075 918 3131 et
931 3071 1007 3132 viam
1022 3069 1068 3146 (ut
1080 3063 1252 3142 loquuntur)

10 3165 20 3223 ἰ
61 3176 206 3240 omicida
220 3175 343 3250 tramigi
356 3190 415 3237 non
429 3180 532 3249 queat,
556 3189 589 3237 sc
604 3178 773 3252 protestari,
795 3179 889 3252 ipsum
904 3178 958 3236 hoo
972 3174 1049 3236 iacto
1062 3174 1121 3249 juri
1136 3189 1189 3234 suo
1204 3186 1251 3232 oc·

10 3288 18 3331 l
61 3283 140 3346 dere
155 3281 247 3357 nolle,
269 3296 390 3357 rogans,
414 3286 448 3341 ut
461 3280 524 3340 baeo
543 3280 586 3342 ita
605 3296 658 3356 per
678 3280 787 3343 scribas
807 3287 1027 3366 cunctarentur.
1064 3277 1208 3341 Praesidos
1223 3282 1254 3339 et
1316 3288 1319 3296 ·

10 3390 18 3436 ⁵
59 3385 224 3452 concilium
237 3386 300 3447 hmo
313 3387 356 3447 ita
370 3385 475 3446 ascribi
489 3391 520 3447 et
531 3385 640 3462 signari
650 3388 810 3461 jusserunt.
833 3386 880 3448 Ad
893 3387 956 3446 hac
970 3386 1108 3462 magister
1117 3382 1253 3446 Liberius

60 3490 178 3557 Florus
198 3489 280 3570 (uam
299 3491 388 3552 alium
409 3491 537 3552 nancisci
558 3508 617 3553 non
635 3490 794 3568 potuimus)
815 3492 948 3554 brevibus
967 3491 1131 3568 respondit,
1155 3495 1186 3551 et
1200 3503 1253 3550 nos

59 3598 241 3664 obedientes
258 3612 436 3673 comparere
457 3598 488 3657 in
507 3597 645 3674 termino,
668 3614 704 3658 ac
722 3602 912 3672 posteaquam
938 3596 1102 3658 colonicmi
1125 3596 1168 3656 sic
1188 3594 1251 3670 pla·

10 3712 19 3754 l·
60 3705 180 3780 cuerit,
204 3719 259 3766 nos
280 3702 356 3764 idom
375 3702 506 3779 recipere
525 3719 590 3764 cum
612 3705 837 3779 protestatione,
861 3703 887 3763 si
909 3704 1055 3779 negotium
1074 3718 1128 3779 per
1146 3700 1253 3761 amicos

10 3808 21 3859 l
61 3809 195 3886 transigi
208 3826 268 3871 uon
282 3810 384 3887 possit,
400 3816 433 3870 ut
447 3816 477 3871 at
492 3810 574 3872 nobis
586 3810 647 3885 J'uri
661 3815 761 3871 nostro
775 3813 856 3870 stare
870 3809 993 3870 liborum
1006 3807 1092 3882 foret,
1107 3804 1196 3879 idque
1210 3804 1253 3865 sio

10 3907 21 3967 l
62 3915 182 3995 signari
196 3914 358 3990 petivimus.
383 3915 436 3975 His
451 3916 575 3990 peractis
590 3917 726 3990 utrmque
741 3915 889 3990 paululum
903 3914 1044 3977 abcedere
1055 3911 1129 3986 jussi
1143 3924 1250 3971 sumus.

10 4026 22 4072 i
160 4021 312 4096 Ablegatis
326 4020 416 4096 igitur
430 4019 647 4083 boloniensibus
661 4037 714 4098 nos
728 4020 855 4081 revocati
869 4025 900 4082 ot
912 4020 953 4081 ibi
968 4035 1020 4095 per
1032 4013 1252 4091 Marquardum,

10 4136 23 4179 l
63 4128 120 4206 qui
135 4132 204 4192 erat
218 4126 279 4191 dux
294 4125 386 4204 serbi,
405 4126 521 4189 nomino
535 4126 699 4195 nudorum
713 4127 821 4191 dictum
835 4131 889 4190 est
912 4124 996 4200 Quod
1009 4122 1048 4192 od
1061 4137 1162 4186 musas
1176 4122 1254 4184 iuter
