2678 4546
677 43 746 109 ate

122 227 194 287 illud
209 200 321 286 ’factum
342 241 406 285 esse
424 225 591 285 inconsultis
611 222 860 285 concionatoribus
887 223 1018 284 omnibus
1040 238 1097 284 nec
1118 223 1163 284 illi
1184 222 1293 298 quidem

122 334 237 392 interim
257 330 329 390 illud
344 330 381 390 ad
395 332 547 406 legendnm
562 329 727 390 exhibitum.
766 331 813 390 Ad
835 333 896 391 baec
916 347 982 390 eum
1000 331 1169 390 rescivisset
1183 335 1294 390 senatus

124 438 191 496 Vita
207 437 323 506 aliunde
344 436 489 511 exemplar
508 437 590 495 istius
614 436 680 496 libri
699 438 830 510 missum,
856 453 908 509 per
928 441 1090 496 senatorem
1112 435 1241 509 aliquem
1257 435 1294 494 illi

124 542 310 616 mandamnt,
337 549 369 601 ut
389 559 453 601 eum
473 542 600 601 libellum
623 542 730 599 nemini
752 547 851 601 mutuo
867 541 958 600 deret.
997 541 1121 616 Insuper
1135 542 1253 601 omnino
1267 555 1294 598 se

125 648 283 708 abstineret
298 649 449 722 quicquam
463 649 509 708 vel
525 654 625 706 contra
640 647 685 707 val
700 647 736 706 de
751 645 805 704 boc
819 646 915 705 bbello
930 646 968 705 ad
983 661 1147 720 quenquam
1163 647 1293 717 scribere,

123 769 160 813 11
175 753 222 813 vel
237 770 267 813 ae
282 755 375 826 ipsum
389 754 435 812 vel
451 754 550 813 urbem
565 753 702 812 Noricam
722 753 819 824 aliquo
841 749 1019 811 incommodo
1035 748 1177 812 afficeret.
1205 749 1294 811 Proin

124 859 200 916 enim
214 860 270 932 ipsi
285 863 467 932 perspectum
483 874 560 931 esse,
581 874 652 931 quas
667 857 767 940 turbas
790 856 912 915 antehac
926 855 1078 915 scribendo
1093 857 1219 916 moverit
1234 856 1293 933 (boc

124 971 219 1022 antem
234 965 341 1022 dictum
356 967 419 1022 erat
435 963 470 1022 de
485 963 591 1022 litteris
605 963 665 1021 Viti
680 963 717 1022 ad
732 963 882 1022 Brentium
901 961 939 1022 ab
952 961 1093 1036 Hispanis
1107 956 1291 1035 interceptis).

123 1070 271 1129 Addentes
286 1071 403 1142 insuper
417 1070 518 1142 minas,
551 1085 582 1127 se
596 1068 753 1141 asperrime
767 1070 798 1125 in
812 1068 905 1140 ipsum
913 1056 1184 1140 animadversuros,
1208 1069 1233 1126 si
1247 1066 1293 1126 ali·

123 1181 169 1234 ter
183 1175 221 1234 ab
236 1175 299 1247 ipso
314 1171 406 1231 fieret.
439 1171 514 1245 Quid
528 1177 627 1246 ageret
640 1173 742 1247 miser,
764 1175 813 1247 qui
828 1174 880 1231 vix>
890 1173 1016 1246 linguam
1037 1190 1073 1234 ex
1088 1173 1221 1233 omnibus
1236 1189 1290 1231 cor-

123 1280 203 1353 peris
218 1276 353 1336 membris
368 1277 521 1337 volubilem
535 1276 641 1336 habet?
669 1278 830 1351 Respondit
851 1283 947 1337 tamen
962 1283 1063 1338 contra
1077 1278 1140 1337 baec
1155 1280 1289 1339 tonitma:

124 1383 223 1443 Caesar
238 1382 291 1442 sub
306 1400 358 1442 suc
379 1384 493 1442 nomine
511 1383 616 1442 librum
635 1383 712 1441 bunc
726 1383 755 1440 in
771 1381 916 1456 publicum
931 1367 1049 1458 prodire
1063 1385 1172 1459 voluit,
1195 1390 1225 1444 et
1238 1400 1290 1458 sos,

125 1489 233 1550 domini
248 1490 313 1561 mei,
328 1490 405 1547 hunc
420 1489 513 1547 celare
528 1485 634 1546 1111111
656 1488 685 1546 Ι1
700 1504 768 1548 vero
783 1489 869 1549 modo
884 1506 972 1563 penes
986 1505 1040 1549 nos
1055 1505 1114 1548 non
1129 1495 1185 1550 cst.
1217 1487 1291 1562 Quod

124 1600 221 1655 autem
236 1593 396 1670 prohibetis
411 1610 456 1654 me
472 1595 607 1668 scribere,
623 1593 680 1654 non
695 1595 840 1668 31111111
852 1595 933 1656 uobis
942 1595 1068 1669 obedire,
1085 1597 1155 1670 quia
1170 1612 1224 1656 nec
1235 1611 1290 1655 111·

125 1718 192 1760 uum
207 1718 261 1761 nec
275 1700 377 1776 pedem
391 1703 448 1760 rite
462 1717 577 1760 movere
593 1716 705 1773 queam.
745 1699 802 1759 Sed
826 1700 897 1760 dens
915 1701 1005 1775 bone,
1028 1716 1115 1774 quam
1134 1718 1239 1762 vereor
1258 1717 1291 1760 ne

124 1806 205 1867 vobis
225 1807 292 1867 mali
316 1807 472 1881 quidquam
491 1805 545 1863 boc
564 1807 726 1863 institutum
746 1805 907 1879 praetendet
928 1812 983 1865 etc.
1023 1806 1163 1866 Consules
1183 1823 1252 1868 uero
1265 1811 1292 1866 et

124 1919 239 1973 senatus
254 1915 329 1972 diem
344 1929 432 1971 unum
448 1917 478 1970 et
491 1911 613 1970 alterum
626 1913 770 1983 perpetuis
782 1911 1038 1971 consultationibus
1054 1912 1212 1989 insumunt,
1228 1911 1291 1987 quid

123 2016 284 2079 faciendum
305 2018 342 2075 sit
357 2032 445 2091 snper
459 2016 513 2076 boc
528 2017 699 2090 interimet
713 2017 835 2076 manime
850 2016 928 2089 quod
941 2016 1042 2076 doctor
1056 2017 1205 2078 Hauricus
1218 2018 1293 2078 Hasd

125 2129 156 2181 et
176 2124 307 2182 dominus
329 2122 364 2180 de
385 2121 464 2194 Lyra
483 2124 598 2180 caesaris
624 2124 737 2182 nomine
757 2123 816 2192 jam
842 2128 903 2181 tum
924 2123 1117 2197 Norinbergae
1137 2129 1293 2199 praesentas

124 2244 178 2301 pro
200 2242 338 2301 responso
359 2228 554 2286 sollicitarent.
597 2227 727 2287 Tandem
747 2229 820 2286 victo
847 2227 1028 2288 verecundia
1050 2226 1161 2301 pudore
1184 2228 1293 2289 cbristo

125 2333 246 2406 gratiam
262 2333 378 2391 caesaris
398 2330 556 2405 praeferunt
570 2347 604 2390 ac
619 2334 735 2392 interim
749 2335 877 2407 recipere
892 2339 1022 2393 statuunt
1037 2349 1071 2393 ac
1086 2335 1181 2394 solum
1197 2335 1293 2395 01111-

125 2437 208 2496 dnum
224 2440 326 2496 ceteris
346 2438 592 2497 concionatoribus
618 2439 755 2511 neglectis
775 2439 813 2498 ad
833 2456 863 2497 se
883 2445 1003 2513 vocant,
1028 2440 1107 2512 huic,
1126 2457 1192 2513 qnae
1207 2455 1293 2500 caesar

124 2544 235 2602 senatui
250 2543 393 2602 mandarit
408 2543 490 2600 simul
506 2548 535 2600 et
556 2541 696 2601 terrificas
717 2545 810 2602 minas
830 2546 920 2617 ipsius
940 2550 1087 2619 exponunt
1110 2544 1293 2619 Andreaeque

124 2664 211 2723 anper
222 2649 472 2707 hacrecousilium
487 2653 596 2720 petunt.
615 2649 724 2719 Quibus
734 2649 988 2709 auditisOsiandcr
1002 2651 1058 2708 ait:
1075 2649 1233 2710 Consilium
1241 2653 1292 2710 boc

122 2751 200 2825 apud
215 2755 414 2826 vosmetipsos
429 2752 551 2811 habetis.
575 2754 650 2811 Nam
666 2755 766 2814 videor
777 2756 837 2828 jam
852 2770 903 2814 vos
919 2771 953 2813 ec
968 2760 1110 2829 spectare,
1127 2760 1160 2816 ut
1174 2756 1292 2831 pedibus

124 2858 154 2914 in
170 2859 339 2915 sententiam
357 2859 471 2915 caesaris
487 2859 569 2916 eatis.
593 2860 719 2920 Verbum
734 2865 827 2919 autem
844 2860 890 2920 dei
906 2867 935 2919 et
950 2861 1082 2920 assiduus
1096 2860 1184 2934 hujus
1199 2878 1291 2922 comes

123 2977 193 3018 cmx
207 2961 336 3019 homines
351 2963 480 3034 requirit,
496 2964 544 3065 qui
560 2964 706 3037 quippiam
721 2966 766 3024 vel
782 2967 842 3039 ejus
865 2968 960 3039 gratia
974 2968 1107 3027 amittere
1122 2968 1170 3027 vel
1185 2970 1291 3041 impen-

122 3065 190 3124 dere
206 3066 302 3125 velint.
328 3065 398 3123 eun
413 3072 507 3124 autem
523 3083 573 3126 vos
589 3069 609 3125 ii
625 3070 696 3144 sitis,
718 3072 767 3144 qui
783 3072 933 3131 commoda
947 3078 1043 3131 vestra
1057 3072 1150 3147 magis
1165 3077 1197 3132 11
1211 3079 1290 3133 trau·

122 3171 291 3242 quillitatem
305 3171 456 3244 respicitis,
472 3173 593 3246 potestis
608 3177 749 3248 accipere.
774 3177 815 3233 Ae
830 3178 871 3234 sic
886 3176 1017 3236 dimissus
1033 3182 1086 3236 est.

211 3275 348 3333 Consules
369 3283 463 3334 autem
484 3284 513 3336 11
533 3285 648 3337 senatus
669 3283 817 3340 conventis
841 3282 1013 3355 primoribus
1035 3284 1116 3345 urbis
1136 3290 1167 3342 et
1187 3284 1223 3345 iis
1245 3285 1291 3356 qui

120 3379 208 3437 telam
223 3379 297 3438 hanc
312 3382 370 3439 texi
386 3380 530 3456 uolebant,
547 3384 674 3443 edicunt:
699 3385 774 3457 Quia
794 3403 919 3447 caesarea
932 3390 1069 3461 majestas
1086 3387 1289 3464 (1111111111-

121 3483 265 3542 dientibus
285 3487 399 3545 interim
414 3488 484 3547 illud
498 3490 603 3548 lectum
618 3490 673 3563 est)
689 3494 759 3566 lraec,
776 3509 839 3565 quae
859 3495 916 3571 legi
932 3493 1062 3568 audistis,
1079 3511 1145 3553 cum
1159 3495 1288 3556 electori·

119 3588 193 3661 bus,
199 3590 376 3664 principibus
392 3599 421 3650 et
436 3593 585 3653 ordinibus
600 3598 712 3671 imperii
728 3597 871 3656 ordinavit
890 3605 920 3658 et
934 3600 994 3657 baec
1010 3602 1121 3659 seruari
1135 3602 1212 3660 serio
1228 3603 1288 3674 jus·

119 3695 166 3767 sit,
182 3710 235 3753 noa
250 3695 477 3772 considerantes,
501 3701 524 3756 si
544 3701 607 3772 ejus
628 3701 767 3761 uoluntati
787 3704 815 3761 in
837 3703 891 3762 hac
910 3705 981 3763 urbe
996 3705 1158 3778 resistatur,
1184 3712 1290 3779 quanta

119 3800 248 3873 pericula
267 3799 333 3859 huic
352 3802 516 3874 reipublicae
538 3805 717 3880 immineant,
743 3814 772 3866 et
796 3809 973 3881 potissimum
993 3825 1050 3881 quo
1069 3808 1133 3868 iao
1147 3811 1289 3872 ordinatio

119 3904 178 3962 siue
195 3904 349 3964 declaratio
369 3910 484 3966 caesaris
506 3910 541 3968 de
563 3911 702 3983 religione
718 3929 775 3971 uon
792 3919 931 3988 perpetuo
953 3915 990 3972 sit
1005 3914 1058 3974 sed
1071 3916 1188 3976 interim
1204 3917 1287 3976 dura·

118 4010 194 4080 tura,
210 4010 395 4085 quoadusque
410 4014 568 4087 concilium,
586 4016 662 4086 quod
674 4018 734 4090 J‘am
749 4015 898 4078 inionibus
910 4026 962 4094 est,
973 4022 1082 4078 certum
1098 4020 1169 4094 quid
1184 4026 1289 4082 statuet

119 4115 183 4184 etc,
199 4113 392 4188 imperatoria
406 4119 550 4192 majestati
564 4135 673 4181 morem
687 4139 789 4198 gerere
804 4125 964 4186 statuimus.
1002 4124 1042 4187 Et
1060 4141 1128 4189 mex
1143 4125 1288 4190 munisti
