2678 4546
677 42 744 113 284

214 230 310 291 Vidua
325 225 469 304 quedam,
485 227 599 287 nomine
614 225 661 286 die
675 225 865 301 Fortschenn‚
881 226 912 285 in
926 239 1062 302 gynaeceo
1071 225 1299 288 monmutensi

124 335 192 394 (lum
207 334 285 408 apud
299 340 410 394 ceteras
425 333 564 409 nymphas
579 334 610 390 in
624 332 725 392 eodem
740 330 869 391 cubiculo
883 331 1051 392 dormitaret
1064 347 1099 390 ac
1114 347 1179 393 eam
1191 332 1298 393 Sathan

125 445 208 501 nocte
223 443 320 500 nescio
340 455 396 513 quo
411 443 525 514 spectro
544 439 590 497 vel
609 438 840 497 terriculamento
859 441 1000 510 tentaret,
1023 437 1128 496 mulier
1145 437 1211 496 haec
1230 436 1297 496 nihil

124 545 309 619 impurissimi
327 545 412 619 hujus
432 545 550 618 spiritus
565 543 772 618 phantasmatis
792 549 883 617 mota,
908 543 1035 617 spiritui:
1060 540 1161 600 Omnis
1182 543 1298 616 spiritus

124 650 215 710 bonus
230 649 330 710 laudat
343 649 501 723 domiuum,
517 649 680 724 respondit>
712 648 829 709 Adhuc
844 649 1015 723 phantasma
1029 644 1101 706 illud
1115 647 1169 707 ait:
1193 648 1234 708 Et
1247 665 1297 724 ego

29 746 30 749 '
125 771 247 830 quoque.
271 754 377 814 Mulier
388 754 477 828 igitur
487 754 616 814 animosa
628 752 686 812 fids
694 755 837 827 nequitias
849 755 939 829 ipsius
949 732 1113 827 intelligens
1125 753 1181 813 ait:
1197 746 1296 815 Mosen

123 861 260 922 habemus
275 866 304 920 ct
318 860 487 934 prophetes,
504 860 621 933 iusuper
637 840 795 932 Christum'3
818 860 890 919 nihil
904 859 987 918 nobis
1001 874 1066 918 cum
1080 860 1204 919 mortuis
1220 877 1296 936 spec·

123 967 177 1026 tris
192 970 244 1027 est.
282 965 322 1026 Et
337 964 414 1025 dicto
430 981 531 1038 ocyus,
549 965 684 1039 quicquid
698 965 771 1024 illud
786 971 863 1039 erat,
879 980 984 1040 magno
999 979 1064 1022 cum
1079 963 1191 1038 eiulatu
1205 970 1236 1026 ct
1249 982 1294 1041 pe

124 1072 194 1133 dore
209 1071 347 1131 discessit.
370 1071 465 1145 Hujus
478 1070 606 1130 mulieris
621 1067 707 1130 fidem
722 1069 900 1130 obticendem
915 1085 974 1129 uon
988 1070 1097 1142 putari.

212 1195 250 1237 xv
265 1177 336 1237 Julii
349 1175 512 1236 Adrianum
526 1191 545 1234 1
560 1177 681 1235 Zertzen
696 1192 760 1234 cum
773 1177 877 1236 litteris
893 1175 931 1236 ad
947 1175 1169 1238 Schonstadium
1185 1181 1215 1236 et
1228 1175 1295 1236 Har·

125 1298 262 1344 mannum
275 1281 445 1341 Nalliumin
459 1282 763 1354 patriamremisimus.
1089 1275 1099 1283 ”

212 1388 306 1448 Lucas
321 1388 424 1461 auriga
437 1387 563 1448 thaleros
578 1393 642 1447 octo
657 1389 688 1446 in
702 1388 806 1446 itinere
821 1387 979 1461 insumpsit.

199 1491 350 1569 ‘Dedimus
365 1491 494 1565 Aemiliae
513 1492 650 1551 ethnnae
665 1492 768 1552 11111111
788 1490 936 1551 sororibus
957 1494 1056 1552 uxoris
1077 1492 1200 1566 singuiis
1219 1506 1294 1552 coro·

125 1603 209 1660 natos
223 1603 283 1658 tres
298 1597 327 1656 in
342 1597 463 1658 annulos
478 1584 507 1656 et
520 1597 670 1657 Friderico
685 1601 784 1674 nepoti
799 1604 898 1659 nostro
914 1599 1021 1659 allois
1037 1595 1166 1659 florenos
1181 1597 1263 1659 duos.

211 1703 341 1765 Vidimus
360 1705 553 1763 inventarium
572 1711 639 1778 post
657 1711 779 1764 mortem
794 1707 886 1764 soceri
906 1705 997 1765 nostri
1012 1707 1069 1779 pire
1088 1704 1235 1764 memoria
1249 1719 1295 1777 per

123 1810 266 1872 rotumum
277 1811 361 1884 jussu
371 1809 493 1870 loannis
503 1810 646 1869 Friderici
659 1811 739 1870 ducis
754 1811 886 1871 saxonia
901 1815 931 1870 et
945 1811 1079 1878 electoris
1092 1807 1220 1888 fideliter
1233 1825 1293 1871 eou-

123 1917 272 1990 scriptum,
294 1915 486 1976 conhnentcm
504 1916 640 1989 quicquid
660 1916 843 1996 supellectilis
866 1917 896 1975 in
913 1929 980 1976 arce
994 1910 1125 2002 Arusted
1147 1921 1179 1976 et
1199 1915 1295 1978 ceteris

123 2021 187 2083 aliis
202 2021 313 2094 aliquot
327 2024 393 2095 post
408 2036 439 2079 se
454 2021 619 2094 reliquerat.

208 2125 324 2186 Eadem
338 2127 434 2186 Draco
458 2142 495 2186 ex
515 2127 637 2203 epistola
658 2127 697 2188 ad
718 2128 801 2188 Rom.
817 2138 879 2202 cap.
899 2129 1126 2190 aconcicnatus
1149 2133 1195 2187 cst
1216 2141 1295 2202 super

124 2231 186 2291 11111
201 2231 303 2291 verba:
326 2231 574 2304 Quemadmodum
586 2233 749 2306 praebuistis
763 2236 890 2295 membra
902 2239 999 2295 vestra
1012 2250 1097 2294 serva
1108 2231 1294 2310 immundiciei

124 2342 153 2396 et
167 2337 312 2410 iniquitati
326 2343 379 2397 ete.
396 2354 486 2411 nsque
501 2337 639 2398 adfinem
654 2339 781 2413 ejusdam
799 2341 911 2415 capitis.
935 2340 1048 2401 Deinde
1062 2340 1199 2400 recitavit
1214 2355 1293 2400 eran·

122 2444 227 2518 gelium
242 2460 277 2502 ex
293 2460 355 2518 cap.
373 2445 391 2502 8
408 2445 514 2519 Marci,
538 2446 659 2504 scilicet:
682 2447 716 2504 Iu
733 2446 832 2506 diebus
853 2446 922 2520 illis,
946 2463 1010 2506 cum
1030 2445 1118 2507 turha
1133 2446 1172 2507 ad
1187 2445 1293 2506 modum

122 2550 211 2610 multe
225 2554 311 2624 esset,
328 2552 492 2625 etreliqua.
530 2552 624 2611 lussit
638 2556 732 2610 autem
747 2553 925 2625 potissimum
944 2555 974 2612 iu
989 2552 1045 2612 hoc
1066 2553 1218 2627 cvangelio
1233 2567 1292 2610 con·

125 2654 247 2715 siderari
262 2653 384 2714 fructum
400 2656 492 2716 turbae
513 2658 692 2730 sequentium
708 2655 852 2717 Christum
871 2675 887 2717 e
903 2664 962 2718 tam
981 2658 1139 2732 longinquo
1155 2657 1235 2718 nulla
1248 2656 1292 2716 ha·

123 2760 184 2820 bita
200 2762 314 2820 ratione
329 2762 430 2835 victus,
447 2767 477 2820 ct
492 2763 569 2836 quod
583 2763 627 2837 iis,
644 2763 691 2834 qui
701 2779 732 2822 se
742 2765 782 2821 ita
794 2762 907 2824 Christo
919 2765 1096 2839 permittunt,
1113 2763 1185 2822 nihil
1200 2762 1292 2822 deerit.

122 2865 195 2924 Item
212 2865 247 2924 de
263 2867 386 2938 genuina
402 2865 508 2925 Christi
528 2884 597 2940 erga
618 2885 685 2928 suos
704 2870 900 2931 misericordia
915 2878 971 2931 eta
1007 2872 1081 2930 Item
1095 2870 1176 2945 quod
1197 2886 1233 2929 cx
1246 2866 1293 2927 hoc

123 2970 271 3043 evangelio
286 2970 442 3029 remedium
457 2978 557 3031 contra
572 2974 687 3033 nimiam
706 2975 799 3034 victus
815 2977 1050 3051 sollicitudinem,
1073 2977 1183 3036 ventris
1204 2989 1293 3034 111111

123 3079 153 3135 11
167 3074 272 3135 foedan
293 3077 443 3137 avaritiam
465 3094 641 3152 caperemus.
680 3080 790 3138 Passim
809 3081 840 3139 in
860 3082 913 3141 hoc
934 3084 1065 3158 exempla
1085 3090 1250 3143 sanctorum
1263 3096 1294 3140 ex

122 3183 265 3256 scriptura
286 3182 432 3243 adducens
454 3189 482 3242 et
502 3201 614 3244 ornnem
638 3185 789 3245 lectionem
810 3187 951 3261 evangelii
965 3188 995 3247 in
1018 3188 1167 3248 doctrinas
1191 3192 1292 3261 septen

122 3286 233 3360 divisit,
254 3303 288 3347 ac
302 3289 428 3362 singulas
445 3289 589 3349 doctrinas
608 3307 660 3351 suo
675 3291 777 3351 ordine
794 3291 1009 3365 diligentissime
1024 3292 1063 3352 oh
1079 3295 1180 3355 oculos
1195 3293 1293 3368 posuit

210 3391 238 3449 A
261 3393 396 3453 concione
424 3411 481 3453 nou
512 3402 662 3469 expectato
690 3397 813 3471 prandio
835 3399 1038 3471 assumpsimus
1061 3397 1294 3475 Christophoruu

123 3494 235 3570 Zyrcr¹
257 3495 355 3557 fratris
372 3497 524 3559 Galacteos
544 3506 575 3559 11
590 3499 697 3560 Comen
713 3507 743 3560 et
756 3504 919 3562 conscensis
939 3504 1020 3577 equis
1040 3510 1122 3565 recta
1136 3504 1293 3565 Blanclrcu·

122 3602 197 3679 burg
211 3605 333 3678 petimus
348 3605 490 3664 civitatem
506 3612 742 3680 pertranseuntes
757 3624 792 3666 ac
806 3613 930 3668 montem
945 3610 991 3667 cui
1007 3626 1112 3670 nomen
1128 3609 1183 3670 der
1199 3608 1295 3684 Sylber

122 3709 230 3799 1111111,
251 3711 319 3769 olim
333 3710 449 3770 mineris
464 3713 579 3785 argenti
599 3711 751 3788 famosum,
775 3715 968 3774 nemusculum
989 3731 1105 3790 quoque
1125 3717 1180 3777 der
1194 3716 1295 3791 Leger-

121 3814 221 3889 waldt‚
250 3832 284 3874 ac
307 3814 423 3874 tandem
446 3815 711 3892 Schwartzburgam
734 3820 932 3893 pervenimus,
957 3822 1183 3882 vetustissimam
1206 3836 1293 3883 11111111

122 3936 209 3994 super
222 3920 346 3994 abrupto
360 3922 466 3981 montis
478 3929 678 4000 constructam,
696 3925 820 4001 undique
832 3927 911 4001 jugis
923 3928 1063 3987 mondum
1074 3926 1292 4003 superbientem

700 4060 716 4096 s

190 4144 205 4192 1
225 4140 332 4208 lyron?
352 4143 466 4198 11111111
