2678 4546
71 257 164 319 bellus
178 256 258 317 visus
271 260 321 333 sit,
335 254 497 318 desciseem
510 275 530 318 a
543 261 667 318 cenimte
680 261 712 318 in
731 260 879 319 interitum
900 261 1019 322 uehens
1034 278 1131 323 secum
1145 280 1245 325 omnes

71 383 170 426 servos
185 367 251 438 eius
264 364 395 423 Interim.

126 480 134 486 ·
159 469 307 527 Dicuntur
319 468 416 528 adhuc
428 474 545 527 centron
559 469 670 527 nobiles
686 485 723 528 ex
737 468 830 529 Cattis
844 476 875 530 et
888 472 954 531 eliis
969 474 1132 534 natiombus
1145 489 1245 534 aecer·

71 575 131 646 siti,
155 575 206 645 qni
219 574 343 645 pecunie
359 573 588 648 mulctnbantnr,
612 573 690 646 quod
709 576 970 649 propugnatoribus
990 577 1120 639 multatis
1133 578 1241 639 milita·

70 680 173 736 verint

158 782 283 853 Quidam
296 782 401 856 Italas,
422 783 474 854 qui
492 781 632 842 hcctenus
654 783 762 854 primas
776 791 840 855 post
856 784 957 843 ducem
972 784 1009 844 de
1023 785 1099 844 Alba
1112 785 1144 845 in
1157 801 1241 847 exer·

67 891 126 944 citu
140 902 307 946 coesareano
320 886 428 945 dicitnr
439 883 577 961 tenuisse,
591 890 722 960 captivus
736 887 878 948 adductus
893 898 947 947 est.
980 889 1035 962 Qui
1050 906 1114 948 cam
1128 890 1167 951 ab
1181 891 1242 952 lta·

66 992 102 1049 lis
115 990 233 1050 rmndo
247 998 277 1050 et
295 991 472 1050 consolando
491 998 659 1050 reverenter
676 991 726 1050 hic
745 992 860 1052 habitus
875 996 926 1067 sit,
947 995 1008 1066 jann
1020 995 1104 1066 iussu
1118 997 1244 1068 impera·

66 1097 138 1153 toris
151 1112 274 1168 prorsus
288 1095 421 1155 omnibns
434 1095 600 1169 prohibitus
614 1102 659 1156 est
672 1095 710 1156 ad
724 1098 818 1170 ipsum
839 1113 981 1158 accessus.
1018 1098 1058 1158 Et
1073 1098 1139 1158 ltali
1153 1099 1243 1172 hujus

66 1198 153 1271 pedes
169 1202 288 1271 otene,
293 1201 442 1260 constricti
457 1199 600 1259 dicuntur.

152 1303 233 1365 Note
247 1304 284 1363 de
297 1305 411 1364 Joonne
424 1305 587 1379 Ungnuden
600 1307 698 1378 equite
712 1308 853 1379 ungarico
868 1307 1021 1367 dicebatur
1033 1308 1165 1381 quumvis
1179 1323 1237 1367 non

64 1407 177 1467 infirnus
191 1409 422 1468 consiliariorum
427 1408 608 1468 Ferdinandi
622 1413 700 1484 regis
715 1413 763 1484 sit,
778 1418 875 1470 umen
890 1414 1042 1471 conciones
1055 1414 1238 1472 ecclesiasta·

10 1574 12 1579 ,
63 1530 124 1572 rum
138 1514 314 1587 evangelice
328 1511 515 1588 professionis
528 1513 714 1588 frequentare
734 1531 769 1575 uc
788 1515 884 1589 palem
903 1515 980 1589 opud
1002 1517 1142 1576 semideos
1164 1514 1238 1575 auli·

64 1633 109 1676 ωε
122 1619 279 1677 ueritatem
291 1615 456 1690 defendere,
472 1619 683 1692 propterquod
698 1626 728 1678 et
743 1619 824 1679 breti
839 1621 1004 1679 missionem
1017 1620 1169 1681 habiturus
1183 1634 1236 1679 au·

66 1721 128 1781 liet
151 1721 261 1781 Procul
274 1720 390 1794 ehhinc,
406 1723 456 1794 qni
469 1723 533 1782 vult
546 1739 610 1782 esse
624 1723 698 1795 plus.

11 1906 15 1913 Ι
147 1826 262 1886 Eadem
281 1826 428 1886 doctorem
448 1827 616 1886 Udelricum
637 1827 817 1886 Mordteisen
841 1826 1023 1885 convenimus
1038 1827 1075 1887 ab
1090 1842 1126 1885 eo
1140 1824 1237 1887 edocti

10 1918 16 2007 l
70 1929 163 1988 ducem
177 1930 348 1989 Mauritium
361 1930 435 1989 nihil
456 1931 630 1989 consiliariis
653 1933 713 1990 suis
728 1933 866 2006 Angustue
881 1936 947 2004 post
961 1946 992 1990 se
1007 1931 1116 1990 relictis
1130 1929 1167 1990 de
1182 1946 1235 1991 no·

70 2040 123 2093 sna
136 2050 226 2094 causa
239 2037 414 2094 commisisse
428 2034 601 2107 eosdemque
615 2051 723 2109 paucos
738 2036 800 2095 dies
815 2043 880 2108 post
892 2036 960 2094 hinc
972 2035 1111 2094 obituros.

149 2139 277 2200 Aeoena
290 2139 488 2198 Morscbalcus
503 2138 640 2198 Luderitz
655 2140 737 2199 nobis
752 2140 852 2198 retulit
874 2139 1066 2198 marchionem
1081 2139 1236 2199 electorem

71 2241 219 2312 tellicitm
232 2258 264 2302 se
279 2249 310 2302 et
323 2245 416 2303 noemi
429 2246 601 2303 mentionem
623 2244 701 2316 opud
724 2259 861 2303 caesurern
874 2242 939 2303 fieri
952 2258 1124 2317 procurasse
1136 2249 1167 2304 ct
1180 2243 1235 2305 ed·

23 2428 26 2433 Ι
70 2344 119 2406 lac
130 2352 165 2408 nt
177 2348 257 2408 idem
270 2345 323 2407 fiet
333 2347 437 2421 lubere
450 2348 534 2407 velle.

23 2452 27 2457 '
148 2452 272 2511 Fratres
284 2455 376 2511 nostrl
390 2451 469 2526 apud
484 2453 616 2510 comitem
630 2451 667 2510 de
676 2451 792 2511 Nessea
809 2456 838 2511 et
854 2450 1138 2512 docteremcerolum
1143 2449 1236 2521 llerst

74 2570 168 2627 parum
182 2556 294 2614 consilii
307 2571 455 2629 reperere.

147 2659 261 2720 Eadem
279 2660 357 2734 epod
372 2658 535 2720 (lonredum
548 2659 675 2720 Fabrnnn
695 2659 725 2716 in
744 2673 826 2717 usum
848 2675 947 2718 socrus
961 2657 1172 2731 horologiolum
1186 2654 1234 2719 ie·

28 2768 31 2791 '·
69 2761 166 2824 beeri
180 2765 352 2824 curavimus.
377 2764 529 2824 Constabit
543 2765 670 2838 quinque
685 2761 809 2822 florenos
824 2763 981 2822 communis
994 2767 1128 2821 monete.

148 2868 321 2931 cbmradns
335 2870 418 2944 Fons,
433 2870 563 2928 loannes
572 2868 727 2941 Leidebur,
742 2867 915 2926 Frenciscns
930 2866 1060 2926 Lennick
1075 2866 1112 2926 de
1123 2880 1233 2927 summe

65 2975 190 3045 ”comte
204 2989 269 3033 curn
284 2975 456 3033 eaesereenis
469 2974 579 3046 harpiis
593 2989 764 3046 convenere,
777 2977 835 3032 tem
849 2972 964 3032 lucrose
985 2986 1032 3031 ree
1048 2976 1092 3031 eet
1106 2972 1233 3046 impere-

65 3078 143 3137 tcrlls
155 3078 242 3139 bonis
255 3079 432 3138 insereissse.

146 3184 189 3257 xij
204 3184 286 3244 lunii
299 3183 330 3242 in
343 3183 409 3242 tede
419 3182 553 3242 Mauritii
566 3180 745 3255 Wolgenprus
759 3180 908 3240 Masculus
930 3179 993 3239 hec
1012 3181 1101 3240 verbu
1116 3195 1153 3240 ex
1166 3195 1232 3253 cup.

67 3288 101 3345 lb
115 3288 241 3348 Jounnis
255 3288 341 3362 legit:
366 3287 454 3346 »lion
467 3301 519 3345 roe
533 3301 582 3344 me
592 3287 737 3360 elegistis,
752 3285 804 3344 sed
819 3301 873 3359 ego
888 3285 962 3360 elegi
982 3301 1034 3344 ros
1050 3290 1081 3344 et
1095 3283 1231 3344 constitui

62 3402 109 3451 iot
121 3398 156 3452 ut
170 3394 245 3452 eutis
261 3397 291 3451 et
304 3391 428 3452 fractam
450 3389 587 3465 alienatis,
604 3398 635 3450 et
648 3389 757 3450 iunctm
773 3395 869 3450 vester
882 3392 1012 3462 moneat,
1028 3394 1072 3462 ut,
1090 3386 1233 3462 quidquid

61 3497 200 3567 meritis
213 3501 326 3572 patrem
339 3498 372 3555 in
387 3498 501 3556 nomine
514 3511 587 3570 meo,
605 3495 654 3556 det
662 3494 774 3554 uobis«
799 3493 911 3553 Deinde
926 3494 1025 3554 eedem
1039 3492 1130 3552 verbe
1145 3509 1235 3567 pecu-

61 3596 122 3660 lari
136 3601 263 3675 quodam
276 3602 395 3676 spiritus
408 3617 435 3661 s.
448 3601 525 3661 dmo
540 3600 720 3675 explanavit,
735 3598 832 3658 dicens
846 3597 896 3656 hic
907 3596 1098 3658 animedverti
1113 3597 1232 3671 debere,

61 3718 114 3777 qao
128 3707 226 3767 animo
242 3704 373 3766 cbristus
389 3711 419 3766 et
432 3705 626 3780 precedentis
641 3708 670 3763 et
683 3703 745 3762 haec
760 3701 880 3776 dixerit,
903 3703 1038 3761 nimirum
1057 3706 1089 3760 nt
1105 3701 1232 3774 discipu·

42 3842 45 3847 ·
60 3806 101 3870 loe
113 3813 146 3874 in
159 3815 291 3872 mutuam
314 3811 497 3872 dilectionem
517 3809 678 3869 attraheret
696 3807 827 3882 exemplo
847 3811 876 3866 et
891 3805 1065 3865 exhibitione
1080 3802 1233 3863 charitatis

59 3928 115 3972 ne
130 3930 203 3990 erga
216 3915 296 3990 ipsos
311 3921 366 3976 etc.
403 3915 456 3974 Ait
476 3928 590 3988 qnoque
606 3913 634 3973 d.
649 3912 841 3987 Augustinum
860 3912 936 3971 bunc
955 3911 1048 3971 locum
1063 3906 1178 3980 quidem
1193 3904 1232 3966 de

59 4020 211 4081 mivereali
231 4019 374 4080 electione
395 4021 521 4079 omnium
543 4016 769 4078 christifidelium
790 4021 820 4077 et
839 4018 995 4076 electorum
1010 4012 1065 4072 Dei
1089 4009 1232 4071 edvium

59 4120 167 4186 batam
181 4124 357 4201 intelligere,
373 4125 447 4185 sicut
469 4130 500 4185 et
514 4124 543 4186 d.
558 4123 665 4186 Paulus
681 4122 763 4182 dicit:
787 4121 864 4195 Quos
883 4115 1111 4195 praedefinleret,
1131 4112 1185 4177 hos
1200 4121 1231 4178 et
