2678 4546
694 39 764 96 'W

142 209 242 270 babet:
257 209 292 269 V.
305 206 391 268 lam
400 209 424 268 l.
434 207 497 268 Au.
520 207 708 282 Evangelium
723 208 829 269 Joauu.
844 207 1029 269 amVierten.
1051 207 1200 269 Itemelia
1214 208 1321 282 pagina

143 315 225 387 cujus
239 314 364 373 initium:
380 313 456 373 Dasz
471 314 659 388 Evangelium
674 313 799 374 Matthei
815 331 861 373 am
875 311 996 375 funften.
1034 313 1210 394 Obseruauit
1223 319 1320 375 autem

143 422 267 494 optimus
280 422 414 493 princeps
435 437 552 495 scopum
572 420 767 480 concionantis
788 426 818 478 et
832 421 990 481 renuntias
1010 417 1185 479 celebriores
1200 420 1318 478 asoeris·

142 527 183 584 cis
198 527 323 586 namot·
341 528 416 586 Vere
430 527 477 585 bic
491 528 626 601 princeps
640 527 725 599 juxta
738 526 941 599 praescriptum
955 524 1065 584 domini
1078 523 1187 583 librum
1200 523 1274 598 legis
1290 531 1319 584 et

143 632 282 704 evangelii
306 647 366 703 prae
391 631 481 689 oculis
501 630 617 703 habuit,
644 635 731 688 noctu
757 630 863 705 diuque
884 631 915 690 iu
937 631 987 690 illo
1012 630 1318 705 versatus,'omnibas

143 734 304 794 christianis
320 737 544 810 exprincipibus
559 737 661 795 merito
676 735 814 795 imitabile
822 736 982 809 exemplum
990 735 1168 810 relinquens.
1190 736 1319 795 Fuerant

141 846 237 899 autem
251 842 352 901 harum
366 843 537 903 tabellarum
550 841 719 915 complures,
733 856 800 912 quae
811 842 842 899 in
857 840 972 900 modum
984 839 1103 901 fornicis
1117 842 1164 901 vel
1178 841 1317 900 homicidi

141 942 287 1017 dispositae
302 943 426 1021 fueraut,
452 949 482 1006 in
497 946 599 1019 qubus
615 945 745 1004 omnibus
760 947 914 1007 conciones
928 950 1090 1022 exceperat,
1116 947 1238 1022 singulis
1253 961 1317 1005 con·

141 1050 270 1110 cionibus
285 1067 374 1111 novas
389 1052 504 1112 tabulas
520 1051 666 1112 exhibens.
705 1049 771 1108 Heu
785 1049 860 1124 proh
875 1049 960 1110 dolor
974 1067 1140 1126 quanquam
1156 1068 1216 1125 pax
1229 1050 1315 1110 luerit

141 1158 171 1211 et
185 1156 324 1214 securitas
338 1157 370 1215 in
383 1156 484 1216 diebus
499 1158 576 1231 ejus,
600 1162 697 1216 tamen
717 1155 808 1213 hostis
831 1159 971 1228 regnante
985 1153 1045 1216 filio
1060 1157 1123 1231 ejus
1139 1158 1236 1217 omnia
1249 1173 1312 1232 pre·

28 1316 33 1327 ‚
141 1257 218 1316 close
232 1263 375 1319 scrutatus
390 1266 442 1321 est.
467 1260 525 1320 Sed
539 1277 605 1334 spes
620 1261 697 1321 boue
712 1262 852 1332 superest,
868 1259 995 1319 noudum
1011 1259 1184 1322 abbreviata
1198 1263 1242 1322 eat
1255 1279 1312 1321 ma·

140 1379 195 1421 nus
210 1362 325 1439 domini,
341 1366 413 1424 vivit
427 1371 456 1424 et
470 1371 610 1442 superest,
627 1367 717 1425 velint
731 1363 824 1423 nolint
838 1380 936 1423 omnes
950 1365 1057 1424 inimici
1077 1367 1149 1442 ejus,
1166 1369 1217 1441 qui
1230 1367 1310 1426 cesti·

141 1483 212 1542 gans
227 1469 349 1544 castigat
370 1486 438 1530 suos
458 1477 553 1531 autem
578 1471 663 1529 morti
678 1470 824 1544 precipue
839 1469 973 1540 secundae
988 1487 1046 1530 uon
1060 1469 1166 1548 tradit,
1187 1476 1216 1532 et
1231 1488 1308 1544 quen

141 1572 256 1633 deducit
265 1573 303 1634 ad
315 1572 432 1650 inferos,
449 1575 588 1636 reducere
599 1581 830 1650 quoquepotest.
853 1575 1009 1651 Memento,
1026 1576 1151 1651 domiue,
1168 1592 1305 1636 servorun
1330 1606 1333 1613 ,

142 1685 267 1752 tuorum,
283 1681 394 1756 respice
408 1680 510 1742 faciem
525 1681 631 1742 christi
646 1685 697 1742 tui.
736 1681 861 1756 Exurge,
886 1683 965 1742 solve
980 1682 1159 1757 compeditos
1174 1689 1204 1743 et
1217 1697 1304 1743 assem
1326 1703 1333 1741 r

139 1786 260 1859 gloriam
280 1787 401 1853 nominis
422 1790 474 1848 tui.
518 1789 587 1862 Quis
609 1788 661 1848 tibi
685 1785 777 1855 fidens
801 1804 927 1862 unquam
946 1786 1064 1848 relictus
1079 1794 1133 1864 est,
1156 1788 1301 1859 adonius,
1324 1812 1333 1819 ·

139 1891 209 1951 deus
224 1890 342 1951 noster?

230 1997 340 2056 Eadem
354 1996 487 2058 domiuus
501 1997 637 2058 Albertus
652 2015 688 2058 ex
703 2014 765 2074 cap.
784 2000 802 2056 5
818 1998 956 2060 Matthei:
978 1997 1042 2058 Nisi
1065 1999 1257 2060 abundaverit
1265 1999 1301 2072 jn·
1321 2020 1333 2041 τ

139 2101 218 2159 stitia
232 2106 332 2168 vestra
343 2102 493 2176 plusquam
508 2104 666 2163 scribarum
676 2107 706 2161 et
721 2103 937 2178 phariseorum,
951 2121 1010 2164 nou
1024 2107 1145 2179 potestis
1160 2103 1300 2164 intrareiu
1320 2124 1323 2129 ·

143 2220 261 2279 reguum
278 2206 324 2265 dei
339 2212 392 2267 etc.
409 2224 499 2281 usque
515 2207 551 2267 ad
566 2224 631 2268 eum
645 2208 751 2267 locum:
774 2208 866 2269 Amen
881 2209 935 2268 tlbi
949 2208 1026 2284 dico,
1047 2226 1106 2270 nou
1129 2211 1221 2271 exibis
1234 2208 1298 2279 inde,
1328 2238 1333 2243 ·

140 2308 231 2369 donec
255 2311 427 2385 persolveris
458 2319 615 2373 extremum
644 2313 846 2389 quadrantem,
878 2315 1063 2374 concionatus
1089 2321 1142 2375 est.
1182 2317 1299 2375 Perlecto
1330 2346 1333 2351 ·

139 2417 286 2490 evangelio
307 2424 417 2478 textum
438 2420 468 2478 in
492 2424 615 2493 quatuor·
636 2420 781 2480 doctrines
801 2419 905 2480 divisit.
945 2420 1073 2479 Primum
1093 2420 1129 2479 de
1152 2420 1299 2482 differentia

135 2523 254 2594 justitie
269 2522 337 2582 fidei
352 2530 382 2583 et
392 2525 528 2598 justitiae,
551 2541 615 2597 quse
635 2542 671 2585 ex
691 2526 755 2598 leae
776 2525 908 2599 procedit
924 2531 953 2585 et
967 2525 1162 2585 involuntarie
1177 2527 1298 2601 quodum·

137 2629 223 2689 mcdo
238 2628 271 2688 fit
286 2646 354 2702 erga
368 2630 508 2710 homines.
546 2629 658 2690 Deinde
678 2630 819 2704 quomodo
835 2630 966 2690 Christus
988 2631 1080 2704 legem
1100 2630 1137 2691 de
1157 2650 1217 2693 non
1236 2632 1297 2694 ccci·

138 2732 231 2792 dendo
246 2733 453 2806 interpretatus
462 2735 509 2793 sit.
533 2734 604 2794 Item
619 2733 655 2793 dc
667 2735 756 2795 verbo
771 2736 879 2796 Racha.
903 2737 942 2796 Et
958 2741 1061 2810 quarto
1075 2736 1154 2810 quod
1165 2745 1298 2800 teneamur

139 2853 191 2896 nos
215 2838 400 2898 reconciliare
426 2838 517 2899 fratri.
557 2838 733 2898 occisionem
757 2845 852 2900 autem
875 2841 971 2915 ajebat
994 2843 1145 2903 extribus
1169 2846 1298 2906 mdcibu

137 2944 226 3016 nesci,
242 2960 277 3002 ex
292 2949 393 3017 aperte
408 2946 465 3018 ira,
482 2945 569 3003 animi
583 2961 704 3004 rancore
718 2951 748 3005 et
762 2946 857 3006 verbis
872 2946 958 3005 tacite
973 2947 1099 3006 animum
1113 2956 1243 3011 nostrum
1256 2949 1296 3009 sti·

137 3048 310 3109 molentibus
327 3055 380 3108 etc.
403 3050 484 3108 Dixit
498 3066 611 3123 quoque
626 3051 696 3124 quid
711 3049 807 3110 fatuus
822 3053 1008 3127 inscriptura
1022 3051 1174 3130 significet,
1191 3063 1221 3116 et
1234 3053 1298 3130 quod

137 3170 189 3230 per
204 3154 303 3213 Rache
325 3170 408 3213 omne
431 3154 550 3214 verbum
571 3155 753 3215 criminosum
782 3156 943 3217 denotetur.
996 3156 1037 3215 Et
1054 3156 1102 3217 hic
1121 3162 1212 3222 movit
1232 3175 1297 3234 que

137 3260 271 3332 stionem,
292 3276 330 3319 an
345 3260 452 3319 nemini
472 3260 558 3319 liceat
572 3260 725 3334 objurgare
740 3260 860 3321 fratrem
874 3267 925 3322 eut
938 3262 1039 3322 Racha
1051 3263 1094 3323 illi
1110 3265 1216 3327 dicere.
1251 3267 1297 3325 Re

137 3365 266 3437 spondit,
289 3368 413 3436 quatuor
427 3380 535 3439 genera
549 3365 694 3424 hominum
708 3364 756 3424 hic
770 3367 877 3441 excipi,
894 3367 996 3439 quibus
1010 3366 1109 3428 liceat:
1131 3366 1298 3446 magismtui

137 3468 336 3542 secmarijure
356 3474 385 3527 et
399 3468 495 3542 gladio
515 3470 569 3529 sibi
590 3472 753 3544 commisso,
777 3472 950 3532 ecclesiastis
973 3489 1024 3548 per
1046 3474 1182 3550 verbum,
1206 3488 1297 3550 purer-

135 3679 208 3737 irem
223 3685 253 3738 et
267 3680 356 3739 verba
369 3681 432 3740 haec
446 3681 677 3754 circumscripsit,
693 3697 729 3741 ne
745 3683 881 3741 exanimi
895 3684 1012 3757 proprio
1026 3690 1115 3760 motu,
1132 3685 1185 3746 sed
1187 3702 1236 3773 ‘ex
1247 3682 1298 3743 rulo

135 3784 210 3844 bono
226 3789 255 3843 et
266 3787 351 3859 juxta
365 3785 544 3846 vocationem
558 3783 650 3846 fieret.
688 3786 846 3848 Admonuit
864 3789 995 3863 insuper,
1018 3795 1052 3850 ut
1067 3791 1093 3848 si
1111 3789 1150 3851 ab
1168 3788 1298 3864 adquibus
1320 3788 1333 3835 Ι

134 3889 288 3961 aliquando
302 3892 364 3950 laesi
379 3907 432 3952 nos
447 3892 485 3951 ad
500 3892 741 3952 reconciliandum
755 3909 819 3951 cum
835 3893 876 3952 eis
891 3892 990 3952 faciles
1005 3884 1212 3976 preberemus.
1319 3854 1333 3993 Ι

223 3996 333 4054 Eadem
347 3997 584 4056 mnsmtatiouem
597 3998 815 4057 universitatum
827 3998 1121 4074 Wittenbergcnsium
1136 4007 1167 4062 et
1181 4001 1298 4076 Lypser
1323 4006 1333 4041 ¹

132 4093 207 4155 dum
223 4099 345 4178 legimus
365 4105 396 4162 et
415 4117 479 4163 eam
497 4101 581 4164 nobis
601 4103 725 4165 describi
743 4103 914 4168 emavimus.
951 4104 1028 4167 Hinc
1046 4105 1178 4168 dmenda
1197 4105 1300 4166 videtur
