2678 4546
212 184 324 245 Eadem
339 184 373 258 is,
396 182 446 257 qui
461 186 529 241 ante
543 195 651 256 pauoos
665 179 726 241 dies
741 195 804 238 oum
819 180 954 241 sodalitio
969 176 1202 241 concameratum
1216 181 1300 243 Mau·

125 292 185 350 ritii
199 290 343 349 Electoris
356 288 482 361 injussus
496 291 652 360 reserarat,
674 285 756 345 furca
773 303 928 360 suspensus
948 293 1000 361 est,
1025 303 1119 362 quem,
1144 288 1214 362 quia
1228 287 1298 349 Bur·

125 395 234 472 gundio
253 399 331 466 erat,
355 391 485 453 dominus
505 392 540 453 de
556 390 737 450 Granderela
751 397 802 451 aut
823 408 881 451 nou
901 393 998 465 puniri
1018 399 1070 453 aut
1087 390 1159 468 iuga
1174 394 1298 469 elapsum

127 501 277 573 voluisset,
306 498 358 557 sed
378 498 534 556 Mauritius
556 498 662 556 elector
683 498 802 571 institit,
826 502 859 555 ut
879 498 942 557 loco
965 498 1079 570 publico
1100 503 1170 558 aute
1196 501 1298 559 ouriam

125 611 292 664 senatorum
315 604 452 678 Augustae
475 603 705 677 suspenderetur.
743 601 799 673 Qui
826 602 880 661 sub
902 602 1070 675 supplicium
1096 604 1225 676 psalmos
1250 606 1296 665 ali·

128 716 199 784 quot
219 710 324 782 orarit,
348 708 411 768 Deo
435 709 558 768 animam
577 708 667 766 latine
689 724 828 782 perorans
850 708 1071 782 commendavit,
1103 710 1155 783 qui
1177 726 1244 770 eum
1265 709 1296 769 ob

128 814 179 873 lilii
193 816 237 875 sui
252 821 385 888 mortem,
410 818 442 874 ut
457 831 618 887 speramus,
642 814 775 885 suscepit.

216 921 320 979 Frater
342 923 440 979 noster
459 919 607 993 Philippus
630 925 660 977 et
678 917 866 979 Weudeliuus
886 918 1033 980 doctorem
1055 900 1193 980 Carolum
1214 920 1296 981 Harst

128 1027 225 1086 adiere
241 1032 271 1085 et
285 1022 362 1099 apud
377 1023 597 1083 Atrebatensem
612 1024 848 1083 sollicitaverunt.

217 1129 329 1190 Eadem
351 1128 443 1188 irater
466 1134 564 1188 noster
585 1129 712 1188 Joanues
733 1127 816 1188 nobis
843 1135 964 1190 mortem
984 1128 1103 1191 infantis
1127 1128 1255 1190 Gotthili
1273 1131 1296 1190 in

129 1237 280 1296 Marxsula
294 1234 439 1306 indicarit,
463 1234 509 1292 oui
525 1234 612 1293 dubio
627 1234 737 1308 procul,
758 1234 842 1307 juxta
856 1250 968 1310 nomen,
992 1236 1070 1310 quod
1089 1237 1172 1310 prius
1187 1237 1296 1296 sortitur

130 1347 187 1415 est,
212 1341 292 1400 Deus
307 1344 447 1414 perpetuo
463 1337 608 1412 adiutorio
624 1340 688 1397 erit.

218 1447 362 1505 Martinus
377 1445 504 1504 Buoarus
519 1447 621 1502 contra
636 1443 850 1504 vintoniensem
864 1445 1053 1518 antiquissimi
1067 1410 1241 1507 Ebraeorum
1254 1463 1296 1507 eos

131 1554 180 1629 qui
194 1552 272 1612 ultra
286 1551 419 1611 idoneam
434 1549 608 1609 matrimonii
623 1553 737 1608 aetatem
757 1549 873 1610 coelibes
892 1556 1010 1609 manent
1011 1550 1129 1624 ,idque
1145 1568 1205 1612 non
1221 1566 1296 1612 ouum
1331 1624 1337 1631 ¹

128 1656 256 1717 dmoendi
270 1657 363 1731 legem
370 1654 427 1714 Dei
441 1657 633 1729 pronuntiant
648 1653 785 1714 obnoxios
800 1671 863 1714 esse
878 1656 1002 1714 oriminis
1016 1653 1073 1714 fusi
1088 1658 1239 1731 sanguinis
1252 1659 1295 1717 im·

130 1763 303 1835 minutaeque
323 1760 422 1835 gloria
442 1763 471 1818 et
490 1760 617 1833 majestis
631 1759 688 1818 Dei
702 1761 733 1817 iu
747 1761 854 1834 populo
873 1762 964 1820 Israel
979 1765 1008 1819 et
1023 1761 1158 1835 indignos
1174 1762 1296 1837 proinde,

131 1869 180 1941 qui
195 1868 225 1925 in
239 1866 346 1940 populo
361 1865 417 1925 Dei
430 1866 598 1924 tolerentur.
630 1865 715 1924 Tanti
729 1863 858 1924 ieoerunt
873 1864 997 1925 officium
1011 1866 1188 1939 procreandi
1201 1868 1297 1928 liberos
1325 1872 1328 1877 '

130 1973 160 2031 ln
175 1971 281 2045 populo
296 1970 362 2029 Dei.
394 1967 465 2028 Cum
484 1968 530 2028 his
551 1972 761 2030 eonsentientes
781 1971 925 2044 sapientes
945 1968 1112 2031 Graecorum
1131 1977 1298 2034 censuerunt

131 2091 250 2149 eosque,
275 2075 325 2147 qui
351 2089 442 2147 usque
470 2072 507 2132 ad
530 2089 635 2133 annum
655 2077 831 2135 tricesimum
850 2081 983 2150 quartum
1002 2076 1120 2137 ooelibes
1143 2083 1299 2153 essent,et

131 2181 323 2240 multarentur
336 2177 458 2251 pecunia
472 2182 502 2235 et
516 2174 698 2238 afficerentur
713 2182 878 2256 ignominia,
892 2186 921 2241 et
935 2182 1103 2241 nominatim
1118 2198 1165 2257 aa,
1178 2187 1212 2243 ut
1223 2199 1299 2243 nemo
1328 2170 1331 2177 ’

132 2284 188 2344 illis
204 2300 267 2343 eum
282 2283 421 2342 honorem
436 2281 593 2357 exhiberet,
618 2286 667 2357 qui
682 2287 756 2351 solet
775 2304 793 2346 a
811 2286 968 2346 minoribus
990 2285 1119 2346 exhiberi
1134 2288 1298 2348 senioribus.

222 2388 301 2447 Alea
322 2389 383 2447 ludi
402 2385 512 2447 stuotus
531 2387 597 2447 hino
617 2395 746 2464 apparet,
771 2393 848 2465 quod
866 2393 1072 2452 nudiustertius
1093 2394 1125 2451 in
1139 2393 1209 2454 aula
1221 2393 1299 2454 Mar·

132 2497 190 2556 ritii
206 2512 278 2570 puer
292 2495 402 2555 audeus
418 2495 629 2554 adolescentem
644 2496 767 2554 nobilem
782 2513 846 2557 oum
860 2498 923 2570 ipso
938 2497 1003 2557 alea
1016 2501 1187 2574 certantem,
1201 2500 1300 2559 nonan

132 2603 170 2663 ob
190 2618 314 2676 oausam,
338 2617 423 2675 quam
445 2599 520 2674 quod
541 2599 636 2659 verbis
657 2600 694 2659 ab
715 2619 749 2661 eo
771 2603 972 2677 corrigeretur,
997 2603 1046 2661 ilia
1066 2601 1233 2680 transfodit,
1256 2602 1299 2678 qui

133 2712 163 2766 et
175 2708 239 2765 heri
254 2711 341 2763 terrae
356 2703 420 2763 fidae
435 2705 519 2764 matri
534 2705 697 2765 reconditus
713 2714 765 2767 est.

223 2807 525 2869 Funffzehenhundart
539 2809 787 2887 Barohetmaoher,
811 2813 857 2872 die
878 2830 931 2873 ror
944 2814 1066 2873 Meister
1086 2815 1223 2888 geaohtet
1234 2830 1297 2874 wer

135 2915 221 2988 donn,
245 2916 323 2972 olmn
343 2930 401 2973 was
421 2915 463 2972 sie
481 2912 529 2973 lur
548 2915 671 2976 kneohte
690 2917 814 2992 habenn,
838 2919 913 2976 seint
931 2936 973 2978 rw
987 2919 1143 2996 Augspurg
1157 2914 1297 2995 wonultl·

134 3021 185 3096 tig.
220 3020 260 3078 Et
279 3018 309 3076 hi
331 3022 397 3078 sunt
415 3021 557 3094 textores,
581 3023 630 3094 qui
650 3021 804 3082 christiana
824 3028 937 3084 utentes
956 3024 1091 3084 libertate
1110 3032 1214 3087 eontra
1230 3038 1296 3101 pre*

135 3127 272 3200 seriptum
285 3125 374 3184 Moisi
387 3123 475 3182 telam
489 3131 518 3184 et
532 3132 625 3186 vestes
640 3142 676 3186 ex
691 3127 759 3187 lana
773 3133 802 3186 at
816 3128 875 3188 lino
890 3127 1031 3188 confitero
1046 3129 1221 3192 didicerunt.

222 3229 333 3288 Eadem
354 3229 445 3288 molas
467 3231 590 3305 aliquot,
619 3232 649 3290 in
671 3232 773 3306 quibus
795 3248 935 3307 papyrus,
960 3251 1024 3308 quae
1047 3237 1156 3309 regalis
1177 3242 1296 3306 rotatur,

135 3351 171 3394 ex
186 3334 321 3394 crustatis
336 3340 365 3393 et
379 3335 469 3407 peplis
491 3336 573 3396 lineis
596 3335 761 3410 conficitur,
785 3337 906 3397 vidimus
924 3334 935 3372 ¹
958 3346 988 3399 et
1002 3356 1075 3399 unus
1089 3340 1164 3400 liber
1179 3342 1242 3416 ejus
1254 3356 1295 3417 pe

136 3441 199 3514 pyri
223 3438 320 3497 decem
340 3440 494 3514 crucigeris
516 3443 612 3500 veniit.
648 3441 778 3501 Vidimus
799 3449 828 3502 et
847 3444 947 3503 hortos
965 3444 1121 3504 latissimos
1142 3463 1207 3506 oum
1227 3460 1294 3507 mn-

136 3544 273 3605 siuuoulis
294 3545 404 3618 aliquot
425 3551 455 3604 et
474 3561 591 3620 scopum
611 3563 669 3606 non
689 3563 786 3621 unum,
809 3549 840 3606 iu
861 3549 962 3621 qulbus
982 3550 1104 3625 Hispani
1125 3568 1180 3611 neo
1199 3552 1296 3631 nond
1336 3599 1339 3608 .

136 3650 210 3708 aives
232 3649 311 3708 urbis
334 3651 473 3725 Augustae
495 3650 621 3725 balistis,
652 3668 722 3711 arou
745 3653 790 3728 (ot
812 3651 927 3727 vocant)
951 3655 1077 3729 anglico,
1102 3658 1256 3733 catapultis
1272 3657 1296 3714 ot
1318 3708 1328 3725 ,

136 3755 274 3828 quidquid
293 3756 334 3814 ita
353 3760 397 3814 est
416 3756 669 3816 mstrnmontorum
689 3759 724 3818 ad
743 3757 919 3833 torquendas
939 3760 1058 3832 sagittas
1078 3764 1108 3819 et
1129 3760 1268 3836 glandes
1260 3774 1332 3819 n·-

136 3867 265 3933 rentum,
289 3876 320 3918 se
335 3860 501 3919 exercitant.

713 3993 728 4029 ἡ

213 4081 223 4123 l
244 4074 357 4126 vidimus
376 4074 442 4126 fehlt
460 4075 488 4125 in
506 4075 551 4126 dor
570 4076 609 4126 he.
