2678 4546
678 70 718 135 et

110 260 161 329 est,
176 252 262 326 enjus
275 252 380 312 anima
394 252 536 325 propitius
551 250 742 309 sitdominus.
785 252 813 309 A
827 252 926 324 coquis
942 252 1143 327 landtgran'u,
1166 251 1281 312 Coloni·

111 359 221 417 ensium
236 362 267 417 et
281 358 393 417 comitis
407 357 554 417 ellassam
570 354 684 415 funebri
698 371 803 429 pompa
816 357 945 431 sepultus
968 363 1020 416 est.
1052 359 1163 417 Eadem
1178 365 1208 416 et
1222 366 1281 417 tres

110 462 158 520 alii
173 465 239 535 ipsa
252 463 308 521 bae
322 468 408 520 noota
422 458 564 519 interfecti
581 466 648 518 eunt
663 466 693 518 et
707 460 827 518 Martini
841 461 902 519 eoei
917 462 1067 535 sepulchro
1082 464 1215 535 impositi.

197 568 237 641 xij
253 567 327 639 Maii
342 568 373 625 in
387 567 496 641 templo
511 566 642 625 Mauritii
662 565 690 623 d.
716 563 863 622 Musonius
883 564 920 623 de
940 567 1137 641 amputatione
1159 567 1225 625 ritis
1246 584 1283 625 ex

110 688 172 745 cap.
182 670 350 730 quounnis
365 670 550 729 ooneionatus
565 673 618 743 est,
634 669 722 726 multa
739 669 775 727 de
790 669 919 728 bonitate
934 672 1024 742 patris
1033 672 1159 729 eoeiestis
1174 671 1282 746 dicens,

110 776 158 847 qni
180 790 239 834 non
262 776 360 835 statim
380 774 511 847 palmites
532 780 674 847 amputet,
704 774 754 832 sed
776 773 814 832 ad
834 791 925 832 annos
945 776 1055 848 aliquot
1074 776 1234 849 poenitendi
1253 784 1281 835 et

109 878 281 939 emendandi
302 880 426 952 spatium
447 878 670 937 misericorditer
688 878 826 938 conoedut
840 886 895 937 ete,
928 880 1000 937 Item
1023 880 1058 937 de
1078 881 1238 951 improvida
1252 890 1283 940 et

110 984 253 1058 praecipiti
267 984 477 1058 amputatione,
504 1000 562 1055 qua
576 983 607 1041 bi
622 990 750 1057 utuntur,
775 984 825 1055 qni
840 999 871 1041 se
886 984 1014 1041 ecelesiae
1029 984 1237 1057 gubernatores
1252 991 1282 1043 et

110 1088 204 1161 uapita
219 1088 381 1161 monentur
400 1092 430 1145 et
448 1086 550 1146 haberi
567 1088 680 1160 nolunt,
701 1094 731 1145 et
752 1088 875 1145 maxime
894 1087 964 1145 illud
985 1088 1123 1160 urgebat:
1144 1088 1280 1147 «Omnem

109 1193 257 1266 palmitem
271 1189 412 1249 ferentem
425 1188 548 1249 numum
564 1193 593 1249 in
603 1208 678 1266 me,»
696 1197 779 1266 pater
794 1192 937 1264 purgabit,
954 1193 1050 1251 irruitis
1062 1193 1281 1252 evidentissimis

109 1296 287 1370 argumentis
303 1296 515 1368 demonstrans,
535 1312 621 1367 quam
639 1312 697 1353 non
717 1297 755 1354 sit
768 1297 842 1354 ullus
857 1298 1020 1356 mortalium
1036 1299 1182 1356 ueletiam
1197 1314 1279 1356 sano-

106 1403 233 1462 tiusimus
249 1400 372 1473 quisque
390 1399 467 1457 omni
485 1414 521 1456 ex
531 1403 614 1473 parte
627 1400 758 1473 mundns,
772 1401 949 1472 juxtaillnd:
969 1402 1059 1472 «Quis
1067 1408 1164 1475 potest
1173 1401 1278 1475 dicere,

109 1513 220 1566 austum
234 1509 281 1564 est
293 1518 344 1563 eor
356 1502 490 1561 meumi»
510 1502 604 1562 obiter
617 1503 670 1563 bos
686 1512 797 1578 taxans,
809 1507 858 1576 qni
874 1512 987 1564 sanctos
1003 1512 1130 1565 momuos
1146 1508 1279 1565 invocare

110 1612 307 1684 imaginesque
323 1623 423 1667 eorum
440 1609 534 1666 coloro
549 1608 716 1682 docuerunt,
730 1611 888 1668 obtieentes
903 1610 980 1682 ipsos
996 1626 1109 1682 qnoque
1124 1610 1288 1683 aliquando,

112 1721 277 1789 peouatores
290 1712 390 1785 fuisse,
406 1714 566 1788 exemplum
580 1713 699 1773 Davidis
714 1714 873 1786 adducens,
901 1716 951 1787 qui
970 1722 1052 1772 extra
1068 1718 1154 1773 ritem
1169 1715 1279 1787 palmes

113 1819 241 1891 peccavit
254 1799 442 1877 in'adnlterio
457 1833 521 1875 cnm
535 1818 682 1878 Bethsaba
701 1825 730 1877 et
753 1821 782 1877 in
798 1817 953 1877 occidendo
969 1818 1041 1878 Uria
1060 1836 1113 1891 per
1128 1820 1227 1877 literas
1241 1819 1280 1877 ad

114 1922 184 1983 duab
198 1929 255 1983 eta.
279 1922 339 1982 sed
352 1926 437 1995 pater
455 1923 595 1996 benignus
615 1940 680 1983 eum
694 1925 837 1997 purgavit,
860 1928 892 1980 ut
906 1938 1005 1981 rursus
1020 1924 1141 1996 largiter
1155 1921 1279 1981 fruman

114 2027 208 2086 inuito
223 2025 324 2085 ferret.
360 2026 506 2085 Interdum
527 2029 632 2086 eleetos
652 2044 688 2085 ne
713 2029 742 2084 in
759 2027 840 2085 donis
856 2027 1038 2100 superbirent
1053 2028 1099 2086 rel
1113 2027 1278 2086 recalcitra·

116 2138 181 2206 rent,
195 2134 273 2191 siem
286 2130 380 2190 Paulo
394 2130 479 2191 datus
494 2139 538 2191 est
552 2133 683 2191 stimulus
699 2133 729 2189 in
745 2148 832 2189 earne
848 2139 878 2190 et
893 2132 1002 2191 Sathan
1017 2149 1082 2191 enm
1097 2132 1279 2205 colaphisans

92 2288 96 2329 Ι
119 2240 162 2294 eta
183 2236 236 2295 dit
250 2250 382 2310 quoque,
405 2237 479 2295 sieut
498 2235 679 2310 putredinem
693 2238 839 2310 eorporis,
864 2238 906 2295 ita
921 2244 950 2295 et
964 2238 1066 2295 anime
1081 2238 1212 2296 similiter
1224 2237 1277 2295 du·

92 2332 99 2417 i
120 2339 209 2411 pboem
224 2356 306 2414 esse,
330 2356 408 2413 eam,
433 2356 498 2412 qnoe
520 2342 597 2399 veuit
618 2338 695 2399 foras
718 2341 756 2399 ad
777 2358 880 2414 corpus
904 2349 934 2400 et
948 2359 1011 2400 eam
1026 2359 1090 2415 quae
1107 2359 1143 2400 ex
1157 2358 1279 2415 corpore

92 2422 99 2515 ff
120 2446 247 2513 memdit.
285 2445 374 2502 Primi
394 2446 508 2517 generis
530 2452 597 2503 sunt
617 2442 703 2503 foetor
718 2445 763 2503 vel
783 2450 893 2503 stereus
908 2447 1010 2505 ealeeis
1025 2446 1176 2504 adhaerens
1190 2451 1221 2504 et
1233 2446 1279 2503 bis

92 2540 96 2557 '
121 2547 221 2609 inilia
245 2548 386 2608 secunde
400 2548 561 2622 putredinis
580 2552 689 2623 speeies
704 2555 772 2607 sunt
786 2550 905 2622 pituita,
930 2549 1063 2620 sudores,
1088 2550 1280 2622 graviolentia

119 2647 213 2713 balitus
227 2658 258 2711 et
271 2655 297 2711 si
312 2653 380 2725 quid
394 2654 495 2712 talium
510 2655 635 2713 sordium
650 2655 696 2728 sit,
713 2654 843 2727 aquibus
856 2651 926 2711 foris
942 2655 1052 2711 animus
1068 2652 1277 2725 coinquinetur,

120 2758 200 2826 quabs
214 2763 260 2817 est
276 2760 393 2819 morbus
413 2777 431 2818 a
446 2762 544 2832 pravis
566 2760 713 2832 eolioquiis
734 2764 763 2816 et
782 2759 869 2831 impio
891 2758 1025 2816 sodalitio
1041 2763 1214 2829 cointraetus,
1229 2758 1279 2816 ab·

118 2859 184 2918 intus
198 2878 269 2920 vero
283 2864 366 2922 malae
382 2865 571 2938 cogitationes
587 2871 617 2922 et
632 2864 813 2922 conscientia
829 2864 955 2921 maculae.
973 2864 1012 2920 Et
1021 2861 1159 2936 proiecto,
1175 2863 1277 2935 inquit,

118 2960 215 3023 diversi
228 2974 298 3026 suut
311 2968 388 3027 modi
402 2968 544 3043 sordium,
565 2985 632 3027 nam
646 2968 710 3026 aliae
725 2968 789 3024 aliis
805 2974 835 3025 et
849 2966 919 3026 ioris
940 2975 968 3026 et
982 2969 1059 3027 intus
1074 2967 1203 3026 tenacius
1218 2967 1277 3024 lise-

116 3074 184 3127 rent.
222 3069 297 3129 Nam
313 3072 418 3144 siquis
440 3072 551 3131 calceos
572 3072 771 3145 maculaverit,
793 3073 824 3128 in
840 3071 954 3129 domum
963 3074 1115 3147 ,optimatis
1130 3071 1278 3144 cujusdam

114 3169 217 3232 intrare
231 3174 331 3247 volem
345 3176 444 3252 (modo
458 3176 596 3235 honestus
611 3176 653 3233 uir
669 3172 719 3248 sit)
743 3175 889 3248 puluerem
912 3181 1062 3249 extergere
1075 3176 1165 3249 jubet.
1204 3174 1278 3233 Aliae

112 3290 176 3336 tero
190 3277 292 3336 sordes
307 3279 393 3337 uliam
407 3281 606 3353 purgationem
621 3281 781 3353 requirunt.
830 3281 904 3338 Nam
918 3282 948 3338 in
963 3280 1114 3353 putredine
1129 3282 1278 3339 subieram

111 3378 142 3441 ie
154 3384 252 3441 seatio.
277 3382 323 3442 lta
336 3385 457 3458 vinitor,
479 3386 529 3456 qui
544 3386 638 3443 omnia
653 3387 744 3459 novit,
770 3386 857 3442 alium
871 3387 935 3458 hae,
952 3387 1074 3443 alterum
1089 3388 1139 3444 illu
1154 3401 1278 3458 purgare

110 3488 188 3547 navit
202 3489 264 3559 via;
281 3487 306 3545 is
322 3488 431 3561 durius,
447 3489 493 3546 bic
507 3490 603 3547 mitius
618 3489 656 3547 ab
671 3506 705 3547 eo
720 3494 872 3562 tractatur,
889 3506 1003 3562 semper
1017 3495 1114 3547 tamen
1129 3493 1159 3547 in
1174 3491 1279 3549 bonum

109 3593 160 3655 ni.
189 3592 232 3651 Et
245 3597 341 3665 certe,
365 3593 422 3666 ait,
443 3592 521 3651 haud
541 3609 605 3650 enm
628 3593 783 3651 christiano
804 3596 918 3652 nomine
934 3594 1050 3666 dignum
1066 3596 1205 3667 duxerim,
1231 3595 1279 3666 qui

107 3698 218 3771 ¹sabaeos
233 3692 400 3770 abstergere
416 3698 511 3771 norit,
535 3705 564 3756 et
578 3715 637 3756 uon
652 3713 746 3756 secum
762 3699 977 3773 recogitaverit,
1000 3701 1022 3756 si
1039 3717 1125 3771 quum
1139 3700 1278 3758 maculam

108 3802 290 3865 wuseieutiae
304 3802 473 3875 accepisset,
489 3806 522 3859 ut
536 3817 598 3860 eam
613 3802 768 3877 aliquando
783 3808 908 3875 purgare
924 3810 1046 3877 satagat.
1085 3802 1212 3861 Putredo
1227 3818 1278 3858 au-

110 3908 163 3973 hm
175 3906 230 3966 illa
244 3922 304 3967 uon
318 3907 396 3965 venit
416 3922 453 3964 ex
472 3906 568 3978 stipite
589 3922 642 3964 nee
657 3923 693 3963 ex
714 3906 812 3967 radiae
828 3914 878 3964 aut
893 3909 982 3966 nobili
997 3925 1013 3964 e
1029 3907 1203 3977 meconitis,
1228 3905 1279 3962 sed

112 4024 143 4085 μ
155 4010 381 4085 degeneratione
394 4010 551 4082 palmitum.
581 4010 728 4069 Praeterea
742 4013 962 4082 meminerinms,
987 4014 1010 4067 si
1027 4027 1083 4081 (qua
1099 4027 1117 4067 a
1132 4009 1276 4080 benignis-

114 4114 176 4187 ϋηο
191 4119 277 4188 putre
295 4128 366 4171 crux
387 4112 469 4173 uobis
490 4116 668 4188 imponatur,
692 4114 720 4172 id
744 4114 808 4173 fieri
824 4117 854 4173 in
869 4115 1069 4189 purgationem
1084 4113 1190 4173 veteris
1205 4111 1277 4170 Adae

147 4240 265 4283 wadan.
1046 4222 1064 4275 ti
