2706 4530
135 218 187 277 bus
202 226 232 276 ct
250 220 362 276 oteteds
377 218 499 275 statibus
517 218 639 290 imperii,
663 223 696 275 ut
715 232 749 275 eo
768 217 863 275 animo
878 217 941 288 hoc,
965 230 1022 288 quo
1043 215 1141 275 Caesar
1155 215 1226 274 illud
1240 231 1306 276 con·

135 321 220 379 scribi
240 323 383 395 statuerit,
407 322 565 396 suscipiant
585 327 613 380 et
630 322 715 393 juxta
735 320 850 379 interim
870 319 948 379 illius
968 321 1154 395 praescripta,
1178 336 1243 394 quas
1262 336 1306 380 re·

135 427 269 499 ligiouem
290 432 475 500 concernunt,
498 426 651 484 observent
670 430 700 483 et
720 425 758 484 ad
777 423 862 497 hujus
883 441 1018 484 normam.
1032 441 1098 485 suos
1121 426 1220 484 virere
1242 442 1306 498 pro-

135 537 237 589 curent
257 546 348 603 usque
371 531 407 589 ad
437 527 563 588 futurum
591 531 740 589 coudlium
769 531 898 603 proxime
924 531 1116 590 indicandum.
1160 531 1308 590 Electores

135 633 232 693 habito
247 635 364 694 consilio
379 637 487 708 gratus
502 636 669 707 imperatori
687 651 741 709 pro
761 650 812 692 sua
832 634 984 693 clementia
1002 640 1133 708 egemnt,
1157 635 1308 695 laudentes

135 755 260 826 amorem
274 741 363 813 ipsine
378 741 408 797 iu
424 755 599 800 communem
619 740 751 812 patriam
776 746 805 797 et
825 744 858 796 ut
876 740 1070 798 communibus
1090 739 1241 799 ordinibus
1256 743 1306 798 im·

135 847 207 916 perii
222 844 276 903 hcc
290 845 487 920 impartiretur
507 848 654 918 rogarunt.
693 844 757 903 Erit
776 850 871 902 anwm
891 843 976 916 huius
995 842 1124 903 historie
1144 850 1225 904 actus
1240 845 1306 904 alibi

135 948 347 1008 describendus.
442 1030 443 1035 ἵ
1028 945 1031 950 ’

223 1052 535 1127 Eadem-wolfgangus
548 1043 702 1111 'Musculus
722 1053 785 1111 loco
805 1059 835 1112 et
853 1059 981 1128 tempore
1002 1060 1137 1113 consueto
1152 1054 1302 1113 conciona-

135 1165 182 1215 tus
202 1163 247 1216 est
265 1173 302 1215 er
321 1172 383 1228 cap.
405 1157 442 1214 15
463 1156 583 1216 Joannis
598 1157 790 1247 evangeliste,
814 1158 947 1216 nimirum
962 1157 999 1216 de
1017 1158 1062 1216 his
1076 1157 1307 1218 verbisdcminl:

139 1262 274 1320 «Manete
288 1263 319 1319 in
334 1276 378 1318 me
394 1264 423 1318 et
438 1276 491 1334 ego
507 1263 537 1319 iu
551 1263 640 1321 vobis.
673 1262 752 1321 Sicut
766 1255 875 1336 palmes
895 1278 956 1320 uon
973 1266 1070 1336 potest
1089 1260 1166 1321 ferre
1187 1260 1308 1320 hactum

136 1364 329 1437 asemctipso,
353 1366 407 1422 nisi
427 1367 565 1424 manserit
583 1368 613 1426 iu
634 1367 702 1439 vite,
725 1367 768 1424 sic
785 1380 839 1425 nac
858 1382 916 1439 uos,
940 1369 995 1425 nisi
1018 1368 1050 1426 in
1070 1383 1116 1424 me
1138 1367 1307 1425 manseritis.

135 1469 198 1541 Ego
214 1485 276 1526 sum
290 1469 365 1541 vitis,
389 1484 440 1528 vos
460 1470 604 1542 palmites,
631 1471 687 1542 Qut
706 1476 803 1531 manet
824 1472 854 1529 iu
874 1487 920 1528 me
941 1476 971 1528 et
992 1486 1045 1544 ego
1067 1471 1096 1528 iu
1116 1487 1161 1543 eo,
1185 1468 1237 1527 hic
1254 1467 1309 1526 lert

135 1571 257 1631 fructum
272 1571 406 1646 multum,
431 1575 498 1646 quia
512 1574 574 1633 siue
593 1590 637 1633 rue
660 1574 731 1633 nihil
746 1576 866 1648 potestis
887 1574 1003 1634 lacere«
1027 1581 1081 1632 etc.
1119 1572 1233 1645 Duplex
1256 1581 1307 1644 est,

136 1678 238 1750 iuquit,
261 1677 369 1736 adunio
383 1678 442 1736 sire
458 1680 629 1752 conjunctio,
653 1694 711 1738 uua
726 1685 779 1752 est,
804 1695 861 1753 qua
876 1679 1110 1753 conglutinantur
1125 1678 1308 1751 magistratus

137 1788 167 1841 et
180 1780 296 1841 subditi.
326 1780 514 1857 Magistratus
534 1790 629 1857 potest
646 1783 741 1843 dicere
762 1782 890 1843 subdito:
913 1782 1002 1842 Mane
1023 1783 1076 1842 sub
1090 1799 1149 1852 me;
1174 1783 1308 1855 magister

136 1886 287 1961 discipulo:
310 1880 397 1946 Mane
417 1889 470 1947 sub
489 1904 547 1958 me;
571 1888 690 1947 maritus
704 1887 743 1948 ad
757 1903 885 1959 uxorem,
910 1904 994 1948 mane
1009 1903 1097 1962 penes
1112 1903 1157 1946 me
1171 1887 1218 1946 rel
1232 1885 1308 1959 apud

136 2006 189 2049 mc.
226 1991 312 2050 Prior
325 1996 421 2051 autem
440 1992 645 2066 conglutinatio
665 1970 723 2052 nou
744 1997 788 2052 est
808 1998 960 2066 perpetua,
985 1993 1053 2065 quia
1073 1991 1228 2065 discipulus
1252 2007 1308 2049 uon
1347 2064 1351 2083 f

135 2095 221 2155 habet
235 2111 307 2169 opus
322 2111 436 2170 semper
450 2095 527 2169 apud
540 2098 711 2170 ⁴magistrum
726 2112 903 2171 permanere,
919 2097 969 2155 sed
986 2096 1087 2156 saltem
1102 2096 1194 2157 donec
1209 2096 1308 2155 literas

136 2192 316 2259 addidicerit.
348 2199 419 2258 Item
435 2200 630 2260 mechanicam
643 2200 794 2260 addiscens
810 2207 901 2262 artem
919 2217 978 2260 nou
997 2217 1110 2274 semper
1129 2200 1231 2259 eodem
1247 2201 1306 2275 opi-

136 2303 182 2363 fici
204 2304 352 2364 adhaerere
376 2306 500 2378 cogitur,
525 2306 576 2388 sed
597 2310 691 2379 potest
712 2311 742 2364 et
764 2305 919 2380 aliquando
937 2305 1000 2378 ipse
1021 2305 1100 2365 artis
1114 2316 1180 2363 sua
1196 2295 1307 2377 experi-

136 2414 261 2469 mentum
280 2408 384 2470 laoere.
423 2409 522 2470 Altera
544 2415 639 2468 autem
659 2409 765 2471 aduuio
786 2410 943 2484 spiritualis
964 2415 1008 2468 est
1027 2417 1058 2469 et
1077 2412 1199 2482 interna,
1223 2408 1308 2467 etde

135 2512 190 2571 hac
213 2511 342 2590 Christus
365 2514 411 2572 hic
431 2513 569 2587 loquitur:
594 2512 710 2572 Manete
732 2515 762 2571 iu
784 2529 843 2586 me,
868 2521 897 2572 et
919 2529 973 2587 ego
995 2515 1024 2572 in
1049 2515 1137 2576 vohis.
1171 2513 1226 2572 ‘Sic
1251 2521 1307 2572 uon

136 2619 262 2690 loquitur
276 2634 361 2693 papa,
385 2616 449 2676 sed:
473 2617 589 2678 Manete
610 2618 663 2676 suh
684 2635 727 2677 me
744 2624 798 2678 etc.
830 2618 868 2679 Et
883 2620 924 2676 sic
938 2615 1111 2692 pontificiam
1127 2617 1307 2690 tyrannidem

137 2721 266 2780 nonnihil
288 2722 424 2795 detegens
439 2722 578 2795 eiusmodi
594 2723 716 2788 sermoni
736 2721 911 2795 aliquamdiu
931 2722 1099 2781 immoratus
1114 2727 1172 2793 est.
1204 2721 1308 2795 Ajcbat

136 2829 241 2897 autem,
265 2830 372 2898 practer
386 2825 459 2883 hanc
474 2826 585 2902 unicam
604 2825 682 2884 nulla
703 2822 746 2886 est
766 2825 926 2886 concordia
946 2826 1002 2898 via,
1025 2825 1133 2887 scilicet
1148 2832 1181 2884 ut
1193 2841 1307 2885 manea-

134 2944 198 2986 mus
212 2929 244 2986 in
258 2925 372 2987 Christo
394 2933 423 2986 et
443 2927 490 2986 ille
513 2931 543 2988 iu
566 2930 657 2987 nohis.
694 2929 733 2989 Et
752 2929 880 3004 prolecto
903 2944 1132 3003 supervacaneus
1152 2935 1197 2989 est
1216 2928 1307 3002 labor,

103 3062 105 3069 s
137 3036 170 3091 ut
188 3030 218 3090 in
238 3031 413 3091 ceremoniis
434 3037 464 3089 et
482 3033 647 3117 adiaphoris
667 3038 877 3106 conveniamus,
901 3048 1015 3093 causam
1032 3031 1247 3106 iustificationis
1267 3036 1307 3092 in·

136 3135 220 3194 terim
240 3133 488 3211 floccipendentes.
526 3137 609 3209 Hac,
633 3139 761 3212 iuquam,
785 3138 861 3199 toret
879 3139 917 3199 ad
937 3140 1117 3201 concordiam
1139 3142 1201 3212 via,
1224 3143 1249 3199 si
1265 3155 1307 3199 ee-

137 3239 277 3299 clesiastae
299 3238 394 3327 idonei
417 3243 673 3315 constituerentur,
702 3247 751 3317 qui
774 3245 909 3319 populum
928 3243 1082 3315 docerent,
1113 3243 1256 3316 quomodo
1278 3245 1306 3301 iu

138 3342 251 3401 Christo
273 3344 432 3415 unirentur,
463 3349 493 3404 et
513 3351 573 3404 tum
595 3347 769 3420 cogitaretur
792 3348 829 3407 de
851 3346 1012 3406 hominibus
1034 3346 1072 3406 ad
1093 3346 1123 3405 id
1144 3343 1235 3421 aptis',
1259 3347 1307 3421 qui

138 3463 189 3506 uos
203 3449 323 3506 invicem
338 3445 561 3514 reconciliarent
571 3455 624 3509 etc.
658 3450 741 3522 Quod
756 3449 886 3510 Christus
901 3451 986 3510 dixit:
1011 3451 1130 3510 Manete
1144 3452 1174 3509 iu
1188 3468 1244 3525 me,
1261 3467 1307 3510 er·

138 3549 308 3612 hortationis
327 3568 420 3613 sermo
441 3557 514 3627 erat,
538 3569 594 3627 quo
608 3553 666 3613 illis
679 3555 709 3613 in
731 3559 854 3615 mentem
873 3557 992 3629 reniret,
1016 3572 1080 3629 quae
1100 3556 1180 3630 prius
1201 3555 1239 3615 ad
1259 3572 1307 3616 eos

138 3655 257 3716 fflxerat.
294 3657 376 3729 Quod
395 3665 490 3719 autem
511 3660 563 3719 ait:
587 3657 626 3727 Et
647 3674 701 3733 ego
721 3661 751 3718 iu
772 3660 862 3732 vobis,
885 3662 1037 3735 promissio
1057 3666 1130 3720 erat.
1165 3661 1308 3736 Allegarit

139 3744 205 3822 vero
220 3763 367 3823 Masculus
387 3764 497 3838 aliquot
517 3763 670 3837 Augustini
691 3764 769 3823 locos
789 3765 825 3824 de
845 3765 1076 3839 liberoarhitrio
1096 3763 1134 3823 ad
1148 3764 1233 3824 huuc
1246 3781 1308 3826 sen·

138 3882 200 3925 sum
213 3864 360 3926 facientes.
391 3868 557 3942 Opportune
565 3854 666 3926 ‘summ
681 3869 813 3942 palmites
828 3870 859 3927 ln
874 3869 932 3928 vite
947 3885 1074 3942 manere,
1089 3870 1170 3943 alias,
1187 3871 1212 3928 si
1227 3877 1308 3930 extra

138 3972 223 4029 vitem
250 3973 436 4044 luxuriarint,
465 3987 514 4031 eos
542 3975 697 4046 amputari,
728 3973 825 4046 colligi
852 3979 882 4032 et
908 3973 1132 4034 concremandos
1160 3975 1191 4032 in
1212 3974 1308 4048 ignem

139 4075 248 4146 projici.
286 4077 319 4133 lu
335 4093 388 4147 me,
411 4077 514 4150 iuquit,
538 4075 678 4150 OErristus,
702 4078 812 4137 scilicet
825 4093 883 4138 uno
897 4093 952 4150 mc,
975 4095 1041 4138 uam
1056 4076 1165 4138 divisus
1180 4095 1239 4139 nou
1254 4086 1307 4148 est,
