2678 4546
647 64 691 129 82

89 244 182 303 nostri
196 249 225 303 ct
240 243 322 304 nobis
337 245 368 302 in
382 244 495 302 bonum.
535 244 653 302 Manum
673 244 762 318 igitur
784 247 876 320 patris
891 246 1037 320 patienter
1051 251 1082 305 et
1096 222 1264 307 obedienter

89 345 223 407 ieramus.
247 349 366 409 Interim
381 348 436 407 hoc
450 347 558 408 addens
574 350 743 420 exemplum.
768 347 979 409 Paterfamilias
994 351 1020 408 si
1034 351 1183 409 surculum
1196 351 1262 410 mali

88 452 199 515 arboris
215 454 307 527 stipiti
320 455 420 512 inserit
435 458 464 512 et
478 453 532 511 hoo
547 454 701 527 virgultum
717 453 747 512 in
762 455 945 513 arbusculam
966 454 1071 515 evadat
1086 461 1116 514 et
1130 471 1219 514 uuum
1234 461 1262 514 et

87 557 210 619 alterum
231 562 377 634 pomulam
398 562 468 620 hero
489 577 540 620 suo
560 561 717 634 producat,
743 564 910 633 pergratum
930 559 1046 633 quidem
1065 564 1111 619 est
1124 561 1206 620 hero.
1232 560 1260 619 Si

87 669 182 724 autem
197 665 313 724 tandem
334 666 364 724 in
382 666 467 738 Justae
490 666 671 738 proceritatis
692 665 825 723 arborem
849 670 997 724 excrescat
1011 670 1041 723 et
1054 670 1117 724 tum
1132 682 1193 725 non
1207 665 1260 723 nisi

87 782 175 828 unum
189 776 240 829 ant
254 771 376 829 alterum
390 787 504 844 pomum
520 770 712 844 patrifamiliae
728 770 841 842 tulerit,
865 769 983 829 tandem
997 768 1196 829 subirascetur
1209 784 1258 842 pa·

87 871 253 934 terfamilias
272 880 303 934 et
321 876 454 935 arborem
477 875 550 936 hauc
570 875 717 933 succidere
738 873 859 947 jubebit.
900 875 947 934 Sic
968 891 1083 948 quoque
1105 880 1150 934 est
1171 876 1258 949 patris

87 977 211 1039 coelestis
227 995 298 1052 erga
313 995 365 1037 nos
381 981 506 1053 animus,
530 979 555 1037 si
577 995 689 1052 semper
711 980 817 1037 emmas
838 979 980 1038 discentes
1000 986 1031 1039 et
1052 995 1200 1054 nunquam
1223 978 1258 1038 ad

86 1079 198 1157 frugem
213 1083 365 1155 pervenire
382 1099 526 1157 conemur,
542 1100 601 1142 nou
616 1083 743 1157 quotidie
758 1083 841 1143 uobis
856 1084 925 1156 ipsis
940 1083 1074 1143 meliores
1085 1085 1257 1144 evaserimus

86 1201 121 1246 ao
135 1187 164 1244 in
179 1186 237 1244 vite
251 1187 302 1246 illa
318 1186 434 1247 Christo
453 1188 557 1246 uberes
580 1186 689 1247 fructus
704 1185 837 1247 feramus.
877 1187 935 1246 Sed
949 1187 1011 1246 hoec
1026 1189 1131 1262 omnia,
1156 1189 1255 1261 inquit,

88 1291 237 1350 dictasint
253 1292 289 1351 de
304 1291 466 1351 christianis
482 1293 576 1366 etqui
592 1293 706 1352 Christo
726 1293 842 1351 nomina
856 1308 909 1351 sua
923 1292 1076 1366 dederunt,
1093 1293 1142 1351 illi-
1151 1295 1255 1354 semus

88 1409 125 1454 ax
139 1395 235 1454 animo
250 1398 406 1471 cupientes.
429 1398 506 1456 Nam
519 1398 646 1469 reliquos
661 1398 803 1470 palmites,
822 1397 871 1470 qni
885 1402 988 1471 sponte
1002 1396 1190 1471 degenerant,
1206 1411 1253 1472 pa·

86 1505 133 1560 ter
147 1500 305 1574 amputabit
325 1508 354 1560 ct
369 1503 502 1562 collectos
516 1504 578 1577 igni
592 1504 710 1575 injicere
721 1501 841 1574 Jubebit.
865 1500 945 1559 Dixit
960 1506 990 1561 et
1004 1501 1063 1561 alia
1077 1502 1170 1562 multa
1182 1517 1251 1576 pru·

87 1603 167 1663 clara
181 1605 211 1664 in
226 1606 299 1665 banc
314 1609 494 1667 seutentiam.
527 1608 613 1668 Faxit
627 1607 705 1667 Deus
720 1611 752 1664 ut
767 1607 854 1665 simus
869 1605 1000 1680 palmites
1014 1604 1092 1681 fidei,
1110 1613 1250 1683 portantes

88 1709 187 1770 botros
202 1712 232 1768 iu
247 1711 298 1769 viti
312 1727 390 1770 vera.
414 1713 514 1770 Amen.
1169 1769 1174 1778 .

174 1815 237 1874 Hac
252 1813 298 1875 die
313 1815 498 1874 Franciscum
519 1817 653 1874 nuncium
668 1832 768 1876 rursus
784 1816 973 1877 Gorbachium
995 1818 1093 1877 multis
1108 1818 1247 1877 literarum

86 1918 227 1982 fasciculis
243 1926 393 1981 oneratum
412 1921 580 1980 remisimus.
619 1921 788 1980 Remisimus
804 1929 832 1981 et
846 1923 957 1981 doctori
976 1921 1072 1982 Maior
1085 1922 1176 1983 libros
1189 1936 1247 1981 suos

87 2040 139 2097 per
153 2025 341 2084 Melchiorcm
356 2026 499 2085 Lindiam.

176 2132 252 2189 Ante
267 2130 415 2188 meridiem
430 2126 534 2189 fratres
551 2131 733 2190 sollicitatum
746 2131 842 2205 ibant,
866 2132 917 2191 sed
931 2132 1133 2192 Atrebatensis
1147 2137 1246 2207 panem
1276 2124 1287 2227 Ι

87 2232 208 2295 adierat.
239 2234 265 2292 A
280 2233 401 2307 prandio
416 2250 485 2294 vero
500 2252 553 2309 per
567 2236 770 2296 cubicularium
793 2237 855 2308 ejus
875 2236 929 2295 hoc
943 2237 1075 2310 responsi
1089 2238 1245 2311 accepimus
1273 2232 1286 2293 i

87 2337 149 2398 beri
165 2341 284 2399 amissa
301 2338 409 2398 Oaesari
431 2339 535 2399 dehac
550 2356 582 2399 re
598 2356 629 2399 se
644 2340 774 2400 nonnihil
790 2341 910 2413 dixisse,
935 2342 987 2401 sed
1009 2343 1209 2417 imperatorem
1221 2350 1245 2396 tt

87 2442 213 2506 noudum
228 2444 389 2504 resolvisse.
413 2444 468 2502 Hic
484 2448 547 2504 erat
561 2446 645 2518 hujus
661 2445 718 2504 diei
733 2450 836 2530 actus..
1268 2456 1283 2497 s

175 2540 324 2608 Invisimns
350 2549 496 2608 doctorem
524 2549 659 2608 carolum
680 2555 709 2609 ct
727 2549 914 2623 perexiguum
935 2556 998 2609 erat
1019 2552 1082 2624 eius
1100 2550 1241 2619 couniunt

87 2654 142 2712 nisi
157 2652 233 2727 quod
248 2630 415 2726 patientiam
431 2655 530 2712 suasit.
547 2654 634 2713 Venit
642 2655 821 2714 amanuensis
831 2653 879 2712 ille
890 2659 920 2712 ct
928 2640 992 2712 heri
1007 2658 1038 2713 et
1052 2655 1138 2716 hodie
1151 2654 1243 2728 scripu

87 2756 230 2816 adferens.
262 2754 406 2829 Tanarus,
429 2758 483 2847 ait,
504 2755 563 2818 flua
578 2759 670 2818 venio.
709 2759 756 2818 Sic
772 2760 965 2832 germanicum
987 2759 1096 2822 idioma
1109 2759 1243 2823 consuo

87 2859 172 2920 Iberi.

176 2965 298 3024 Domine
314 2965 408 3037 Deus,
433 2982 580 3040 quousque
595 2969 640 3028 ira
656 2975 705 3029 tua
722 2968 877 3029 desaeviet?
899 2970 946 3028 En
961 2970 1082 3045 pertulit
1103 2967 1245 3031 sormam
1263 2858 1287 3107 ι

87 3075 211 3144 pestem,
232 3069 337 3129 famem
359 3070 441 3144 panis
464 3076 494 3130 et
508 3073 632 3146 gladium
653 3073 777 3131 hostium
798 3079 962 3133 exterorum
977 3079 1008 3133 et
1020 3074 1159 3134 intestino
1172 3070 1246 3138 belh.
1273 3124 1280 3131 .

87 3190 140 3234 nec
154 3180 251 3235 tamen
266 3173 331 3233 linis
347 3182 399 3234 est.
424 3176 552 3238 Minatur
566 3179 677 3250 ereptio
692 3179 772 3236 verbi
786 3179 838 3236 tui.
875 3176 987 3237 (latera
1009 3179 1109 3239 omnia
1119 3180 1196 3253 justa
1208 3189 1249 3235 re·

87 3285 193 3339 nerunt
207 3295 294 3352 super
308 3295 360 3339 nos
379 3287 498 3354 propter
517 3284 626 3341 scelera
640 3288 748 3341 nostra.
792 3281 816 3340 0
832 3282 953 3356 domine,
971 3285 1001 3341 et
1013 3281 1069 3342 hoc
1083 3289 1249 3357 posumnn

89 3398 202 3457 quoqne
217 3383 306 3455 probe
321 3402 471 3445 meremur.
504 3387 612 3445 Verum
626 3385 888 3446 misericordissime
904 3386 985 3460 dens,
1008 3393 1042 3447 ut
1056 3402 1111 3448 nos
1126 3386 1252 3462 budiano·

88 3492 252 3563 peccatores
267 3486 395 3547 confusio
410 3488 494 3550 faciei
509 3497 539 3551 ct
560 3493 654 3551 omnia
668 3492 745 3551 mala
759 3490 875 3566 decent,
897 3493 939 3550 ita
953 3490 1089 3552 thronum
1103 3499 1186 3553 tuum
1196 3488 1249 3551 tu
1285 3472 1287 3479 ¹

86 3590 189 3666 titudo,
214 3592 425 3666 magnificentia
441 3601 470 3653 et
484 3594 681 3655 misericordia
695 3597 786 3655 decet.
822 3597 982 3669 Propterea
1004 3612 1041 3656 ex
1055 3598 1115 3657 imo
1129 3602 1160 3658 tc
1172 3606 1247 3669 rout-

86 3711 149 3757 mus
165 3704 290 3773 pectore,
306 3698 389 3758 auicr
404 3716 422 3758 a
437 3701 518 3759 nobis
534 3700 639 3760 malum
653 3700 708 3760 boc
722 3707 751 3760 ct
765 3716 801 3759 ne
818 3700 867 3761 des
887 3700 963 3761 iame
977 3702 1061 3762 verbi
1077 3704 1134 3776 tui,
1156 3702 1187 3761 lu
1199 3711 1247 3775 (Μ

87 3801 148 3863 solo
168 3803 301 3878 vivimus,
322 3819 374 3864 uos
399 3807 522 3864 enecari.
561 3788 607 3863 Ne
625 3805 762 3879 respicias
782 3812 910 3865 nostram
932 3822 1003 3880 erga
1016 3812 1098 3867 tuam
1112 3807 1245 3881 plasten

87 3921 105 3967 o
122 3907 201 3982 deus,
218 3910 464 3982 iugratitudinem,
480 3910 532 3969 sed
546 3910 749 3969 misericordiae
764 3917 823 3970 tuac
838 3912 964 3983 antiqua
979 3911 1137 3973 recordare
1150 3918 1248 3982 nott!

88 4010 194 4071 diutius
208 4014 296 4072 verbo
316 4020 366 4072 tuo
381 4029 499 4088 pascere
515 4013 651 4087 digneris.
682 4015 767 4075 Mitte
781 4021 874 4090 pater,
896 4015 977 4073 mitte
992 4018 1146 4090 operarios
1158 4011 1248 4075 nale

88 4116 119 4172 in
133 4131 253 4175 messem
266 4123 346 4179 tuam
364 4122 394 4175 et
408 4133 547 4177 conserva
562 4125 591 4177 et
605 4116 734 4179 conforta
754 4136 818 4194 eos,
840 4135 912 4192 quos
932 4118 1039 4182 dedisti
1061 4121 1155 4198 uobis¹
1177 4114 1246 4181 usu
