2678 4546
644 45 708 111 182

86 243 201 308 rentur,
222 234 304 293 nobis
319 247 368 291 eas
383 228 498 304 legendi
514 231 597 304 eopia
612 229 740 288 daretur.
779 222 883 285 Seldus
901 221 939 282 de
959 242 960 247 ¹
1016 237 1092 298 pore
1106 238 1142 281 se
1156 222 1258 297 copta-

87 347 186 399 turum
200 336 345 412 promisit,
365 342 396 394 et
409 335 435 392 si
453 351 512 407 qua
528 333 593 394 lieri
607 338 719 408 posset,
740 347 773 389 se
791 333 972 404 procuraturi
1018 373 1027 399 ,
1050 332 1085 386 ut
1098 326 1258 402 pandatur·

85 444 231 515 adessent,
253 440 321 500 dum
340 440 379 500 ad
398 438 487 512 pedes
501 439 616 498 caesaris
630 435 857 512 procumberem
903 432 961 504 Da,
978 431 996 490 d
1016 432 1097 490 mine
1113 431 1196 505 deus,
1211 446 1258 488 nos

86 547 140 607 sub
154 531 268 620 potenti
282 561 369 604 manu
382 552 433 603 tua
447 543 602 616 humiliari,
617 542 760 600 hominem
774 544 871 598 autem
885 554 944 597 non
958 537 1046 594 aliter
1060 552 1097 595 ac
1112 535 1257 596 mortalem

85 651 223 711 revereri.
250 649 356 723 Rediit,
372 649 446 722 proh
461 648 554 721 dolor,
576 645 665 704 rediit
677 643 887 718 Aegyptiorum
902 640 1045 700 odoratio.

175 752 284 812 Eadem
292 751 429 812 Galaemo
444 750 588 812 etLindio
603 765 667 807 cum
676 749 789 822 hospite
804 747 841 807 de
855 763 942 806 consu
954 743 1165 805 hebdomoduli
1179 759 1257 817 agere

85 858 245 932 injunctum
261 864 314 917 est
337 857 378 914 ht
391 858 497 930 hospes
512 855 749 913 consultationem
763 854 794 912 in
808 852 965 911 crastinam
978 849 1075 924 petiit

174 979 214 1020 xx
227 961 309 1021 Juuii
323 961 470 1020 Musonius
485 961 559 1019 hora
573 966 602 1017 et
615 958 688 1016 loco⁴
694 957 839 1016 consuetis
854 954 965 1026 eadem,
976 955 1119 1026 qumheri
1133 970 1189 1028 pro
1195 969 1254 1012 oon·

86 1067 167 1125 cione
182 1065 301 1138 legerat,
317 1067 443 1138 repetiit.
466 1063 588 1122 Addidit
602 1068 699 1121 autem
712 1062 759 1135 iis,
780 1075 845 1132 quae
858 1059 996 1118 hesterno
1010 1057 1059 1116 die
1073 1056 1114 1118 de
1128 1073 1253 1132 persecu·

85 1171 166 1228 tione
182 1169 308 1228 dixerat:
332 1167 443 1239 Judmi,
466 1173 500 1226 ut
522 1167 656 1240 audistis,
679 1165 823 1224 christun
843 1163 989 1238 persecuti
1007 1168 1093 1236 sunt,
1116 1161 1193 1236 quod
1205 1177 1253 1220 nou

86 1278 165 1332 esset
179 1288 264 1330 verus
279 1272 410 1330 Messias.
435 1271 541 1331 Gentes
556 1288 625 1331 vero
646 1271 718 1328 nihil
740 1274 887 1329 morantes
900 1283 1000 1326 serum
1019 1267 1105 1326 illum
1119 1267 1253 1326 christum

86 1381 137 1435 aut
151 1374 402 1436 Pseudochristum
417 1377 540 1452 apostoli
554 1381 584 1434 et
598 1380 741 1447 martyres
756 1371 971 1442 confiterentur,
992 1370 1045 1430 sed
1059 1372 1172 1445 absque
1186 1369 1253 1431 omni

86 1479 248 1539 differentia
270 1481 432 1552 quicunque
455 1479 571 1538 Christo
586 1480 702 1537 nomina
717 1477 868 1549 dederint,
892 1482 1102 1549 persequentes
1117 1475 1252 1550 suppliciis

85 1581 243 1643 afficerent.
267 1585 348 1641 Inter
362 1583 643 1655 pseudochristianos
657 1598 726 1642 vero
741 1587 772 1640 et
786 1583 873 1640 etiam
892 1582 969 1639 inter
983 1597 1037 1639 nos
1052 1581 1171 1654 quidam
1184 1583 1251 1649 sunt,

87 1688 136 1760 qui
157 1687 235 1746 bona
256 1687 344 1744 animi
366 1688 526 1746 intentione
546 1693 576 1746 et
599 1703 636 1746 ex
655 1692 717 1745 toto
737 1687 825 1745 corde
844 1686 1015 1744 christianos
1037 1689 1251 1760 persequuntur,

87 1809 145 1851 non
159 1791 196 1849 ob
211 1791 290 1849 ahud
305 1809 391 1864 quam
406 1793 484 1863 quod
499 1809 517 1850 a
537 1791 681 1851 nonnullis
696 1790 827 1864 persuasi
841 1790 912 1863 sint,
933 1806 983 1849 eos
998 1791 1099 1860 virere
1114 1797 1147 1850 et
1159 1791 1252 1850 docem

87 1901 188 1956 oontm
203 1900 348 1971 receptam
365 1895 526 1955 doctrinam
540 1902 569 1957 et
584 1912 656 1967 eam,
677 1897 708 1952 in
724 1911 782 1968 qua
794 1895 851 1968 ipsi
865 1894 978 1954 educati
999 1899 1030 1953 et
1044 1895 1172 1957 instituti
1184 1896 1251 1966 sunt,

86 2015 122 2058 ae
135 2000 176 2056 sic
190 2015 249 2072 eos,
266 2001 316 2072 qui
330 2001 376 2058 vel
391 2002 542 2074 purissime
559 2001 671 2073 docent,
688 1999 766 2072 quod
779 1999 941 2073 videantur,
963 2000 1031 2058 dum
1054 1998 1253 2059 idolatriomct

87 2101 193 2162 abusus
209 2104 370 2177 corripiunt
390 2119 424 2162 ac
447 2106 588 2162 sinceram
608 2095 766 2164 doctrinam
784 2105 946 2162 restitutam
961 2105 1090 2177 cupiunt,
1113 2103 1252 2164 ecclesiam

87 2207 259 2278 perturbare
279 2223 388 2265 summe
407 2213 631 2282 persequuntur,
654 2208 716 2267 zelo
732 2208 862 2280 quidem,
884 2209 1125 2281 quemadmodum
1139 2211 1269 2268 testatur·

87 2310 195 2368 Paulus
219 2310 256 2369 de
270 2310 393 2384 Judaeis,
418 2310 469 2368 sed
489 2330 547 2371 non
567 2312 721 2371 secundum
741 2313 897 2371 scientiam.
935 2313 990 2371 Est
1011 2319 1109 2372 autem
1126 2319 1156 2372 et
1170 2311 1269 2372 amm·

87 2414 167 2473 ahud
182 2421 289 2488 praeter
310 2415 364 2474 hoc
382 2424 598 2489 persecutorum
618 2434 722 2491 genus,
744 2418 878 2475 nimirum
899 2433 1013 2491 eorum,
1035 2419 1086 2491 qui
1101 2435 1133 2476 se
1149 2423 1251 2476 sanciat

87 2519 188 2579 haberi
203 2521 316 2594 solunt,
337 2522 441 2579 ceteris
461 2522 546 2594 louge
567 2522 739 2580 eruditiores
760 2528 789 2581 et
809 2523 840 2579 in
854 2523 965 2595 magnis
979 2521 1141 2581 honoribus
1156 2523 1269 2594 derum·

86 2625 179 2697 etqui
194 2625 274 2682 lucro
290 2625 432 2682 inhiantes
448 2625 536 2682 verbo
553 2632 766 2699 cauponantur,
788 2631 817 2684 et
835 2626 950 2684 tametsi
971 2627 1063 2699 probe
1078 2630 1252 2701 perspectum

86 2726 229 2798 habeant,
252 2729 427 2802 doctrinam,
452 2747 507 2801 que
523 2729 704 2803 praedicatur,
721 2747 819 2788 sanam
835 2736 865 2788 et
879 2746 977 2789 veram
992 2747 1065 2804 esse,
1081 2736 1178 2789 tamen
1192 2729 1269 2802 quia·

88 2834 216 2887 ventrem
232 2848 285 2903 pro
301 2832 355 2890 deo
371 2832 478 2891 hahent
497 2842 526 2892 et
541 2839 671 2892 metuunt
691 2851 727 2892 ne
750 2835 819 2906 quid
834 2837 879 2893 vel
893 2835 1051 2895 honoribus
1067 2834 1269 2894 1111111111·-

88 2932 171 2990 dibus
187 2933 308 2992 abcedat
323 2935 406 3008 (nihil
422 2939 496 2994 euim
512 2938 590 2996 aliud
605 2938 658 2996 sub
673 2944 816 3012 praetextu
824 2940 972 3012 religionis
987 2940 1136 3014 quaerunt)
1150 2941 1180 2998 hi
1192 2953 1269 3012 per:

87 3037 259 3097 tinacissimo
283 3039 348 3097 odio
370 3040 514 3098 Christum
539 3048 567 3100 et
588 3059 655 3100 suos
675 3050 894 3116 persequuntur,
918 3044 1017 3116 quales
1032 3043 1153 3104 fuerunt
1166 3042 1250 3118 pontt-

87 3140 155 3200 tices
173 3158 207 3200 ac
222 3142 355 3214 pharisaei
371 3151 400 3203 et
415 3145 516 3203 scribae
532 3146 608 3219 apud
622 3146 753 3219 Judaeos,
776 3145 813 3203 11
829 3163 901 3219 quos
916 3147 1047 3207 Christus
1062 3151 1120 3208 ait:
1144 3151 1193 3208 Vae
1206 3160 1269 3207 ror

86 3244 131 3303 bis
146 3248 248 3304 scribae
265 3264 298 3305 ac
314 3248 459 3322 pharisaei,
477 3252 526 3322 qui
542 3249 594 3308 suh
610 3254 752 3322 praetextu
766 3251 860 3324 longae
876 3254 1015 3311 orationis
1031 3260 1062 3312 et
1075 3271 1191 3328 precum
1205 3251 1269 3312 dor

85 3364 148 3407 mos
164 3351 314 3409 viduarum
339 3360 367 3410 et
390 3354 564 3427 pupillorum
586 3355 729 3413 devoretis
749 3360 802 3413 etc.
826 3357 867 3414 Et
880 3357 909 3414 hi
924 3373 1040 3432 semper
1054 3360 1157 3433 pietati
1175 3368 1269 3419 nott-e

87 3459 154 3510 runt
169 3453 253 3512 etiam
264 3457 342 3529 apud
355 3457 491 3516 ethnicos.
532 3459 616 3516 Tales
630 3461 705 3518 enim
717 3466 747 3518 et
757 3465 840 3517 erant
850 3459 999 3534 aurifabri,
1017 3464 1067 3535 qui
1081 3462 1269 3523 fabricabds:

87 3557 199 3615 arculas
221 3566 250 3617 et
273 3560 393 3620 delubra
414 3562 514 3620 Dianae
533 3563 575 3621 illi
590 3564 737 3636 Ephesiae,
759 3563 858 3622 Actor.
879 3567 988 3624 19111.
1028 3567 1116 3627 Tales
1133 3574 1162 3627 et
1174 3564 1269 3633 bodl.

86 3663 180 3721 nostri
196 3671 263 3722 sunt
277 3664 451 3740 adversarii,
476 3667 591 3725 omuino
610 3668 756 3726 sanctitati
778 3684 838 3727 suae
858 3668 1019 3729 tribuentes
1039 3677 1070 3730 et
1092 3687 1146 3731 suo
1166 3666 1260 3739 1111111(

84 3773 253 3826 metuentes.
294 3769 456 3828 Secundum
475 3788 544 3829 vero
559 3771 613 3831 hoc
628 3780 843 3845 persecutorum
863 3789 954 3848 genus
970 3779 1027 3848 est,
1051 3775 1100 3850 qui
1116 3776 1258 3846 destinate

85 3872 179 3930 animo
201 3874 323 3930 scientes
348 3880 376 3932 et
399 3876 443 3933 sui
463 3876 536 3933 lucri
557 3892 591 3935 ac
611 3876 729 3936 honoris
751 3879 846 3951 gratia
864 3874 1269 3963 11111111111111111111111111

85 3982 154 4033 eunt
169 3982 198 4034 et
214 3978 275 4048 eJ‘us
291 3985 451 4038 assertores
466 3981 579 4053 clausis,
601 3988 632 4041 ut
647 3981 760 4056 dicitur,
783 3983 873 4043 oculis
889 3989 1110 4056 persequuntur.
1148 3983 1260 4052 Hom,

86 4078 162 4136 salus
179 4080 360 4153 desperanda
383 4091 426 4142 est
448 4085 549 4158 etjam
564 4088 682 4145 nuncin
699 4088 802 4162 laqueo
825 4087 933 4147 diaboli
949 4088 1269 4180 111111111111111111111·ς
