2678 4546
614 88 679 155 ¹87

57 279 169 347 quanta
184 273 335 347 diligentia
348 275 464 330 anem
483 271 529 330 hic
548 271 695 344 apostolus
714 286 813 330 omnes
831 270 959 329 homines
979 270 1093 332 Christo
1113 272 1228 334 lucriia-

58 395 124 438 cere
139 377 222 437 etad
235 378 330 437 Deum
349 376 493 436 adducere
514 378 543 434 in
563 375 619 434 hac
638 375 761 449 epistola
781 383 901 435 conatus
920 379 972 450 sit,
996 379 1128 437 nimirum
1149 378 1228 452 quod

58 483 266 557 singulisque
289 482 409 554 quisque
432 479 542 539 faceret
566 480 788 554 praescripserit,
813 482 910 554 pneris
936 483 1056 555 scilicet,
1082 489 1227 556 provectae

57 587 152 646 atatis
167 586 328 645 hominihus
348 591 377 643 et
396 584 633 644 adolescentibus.
664 585 749 642 Nunc
768 592 863 644 autem
877 602 1059 645 communem
1078 587 1228 646 ecclesiam

57 690 215 763 alloquitur
228 690 385 748 admonens
400 704 436 746 ne
449 688 548 747 muudi
564 689 700 747 illicebris
720 705 750 746 se
772 691 880 748 irretiri
900 693 1068 763 permittant
1086 691 1227 764 simulque

57 794 213 854 ostendens
233 810 319 867 quam
337 793 446 851 nullam
464 794 578 866 quidem
599 798 713 851 aemtem
733 793 869 866 superbia
888 793 997 852 deceat.
1029 794 1073 852 Ac
1093 796 1140 854 hic
1157 811 1226 855 con·

57 900 189 958 cionator
202 899 416 972 aggressionem
431 896 500 957 tecit
514 914 566 972 per
580 898 707 971 singulos
723 902 825 970 status,
843 899 973 971 allegans
993 899 1064 957 illnd
1084 899 1112 958 d.
1133 900 1227 959 Petri:

56 1005 137 1064 Dens
152 1004 284 1076 superbis
299 1003 421 1075 resistit,
437 1002 591 1060 humilibus
606 1008 701 1059 autem
718 1002 769 1060 dat
784 1004 921 1075 gratiam,
946 1005 1024 1075 quod
1038 1005 1099 1062 haec
1114 1005 1174 1063 vita
1188 1003 1229 1062 nil

58 1109 113 1167 nisi
127 1123 221 1182 vapor
235 1115 265 1169 et
279 1106 372 1166 furnus
388 1106 503 1179 quidem
519 1107 564 1165 sit.
589 1107 683 1165 Probe
699 1121 734 1164 en
750 1109 892 1180 scriptura
902 1106 1088 1180 fragilitatem
1096 1108 1229 1167 humanoe

58 1212 231 1272 conditionis
253 1212 418 1284 depingens.
456 1211 529 1269 ltem
549 1228 634 1283 quam
654 1210 764 1269 lenibus
785 1210 928 1269 derebus
951 1228 982 1269 se
1002 1215 1122 1285 quisque
1143 1212 1227 1272 alteri

57 1312 197 1389 preferre
212 1317 315 1389 solent,
331 1315 449 1388 siquod
465 1315 570 1373 donum
586 1330 646 1387 prae
661 1316 763 1372 ceteris
778 1315 946 1373 mortalibus
962 1316 1049 1374 aDeo
1059 1322 1227 1375 consecutus

57 1421 101 1479 sit
125 1421 237 1479 lubens
251 1420 365 1479 tandem
381 1426 414 1478 ut
429 1419 558 1492 exemplo
571 1419 699 1490 junonia
714 1420 784 1492 avis,
801 1436 865 1491 qnae
882 1420 949 1478 dum
960 1419 1140 1479 decoloratos
1155 1438 1226 1494 pen·

59 1540 110 1584 nas
124 1526 265 1596 intuetur,
280 1523 413 1583 laudatas
428 1522 562 1595 ostendit,
578 1524 769 1582 intumescens
784 1541 818 1583 ac
832 1524 955 1598 superbo
970 1523 1117 1598 incedens,
1134 1525 1225 1584 nodo-

60 1645 104 1688 sos
117 1645 190 1688 rere
204 1629 308 1701 pedum
323 1644 439 1686 suorum
459 1627 607 1697 articulos,
632 1629 680 1698 qui
700 1628 782 1701 lepra
803 1629 949 1702 conspersi
968 1629 1114 1702 dicuntur,
1134 1630 1226 1689 consi-

61 1731 161 1793 derem
177 1733 298 1792 caudam
312 1733 435 1792 demittit
449 1739 479 1791 et
493 1733 597 1790 misere
611 1733 745 1791 eiulatnr.
778 1733 825 1791 Sic
840 1739 870 1792 et
884 1749 936 1790 nos
952 1734 976 1790 si
991 1732 1037 1791 vel
1052 1733 1163 1806 opibus,
1179 1731 1226 1793 vel

61 1838 176 1897 scicntia
191 1844 222 1897 et
236 1839 262 1896 si
276 1837 346 1911 quid
360 1837 445 1908 hujus
459 1835 561 1894 farinae
576 1836 662 1894 rebus
678 1838 844 1895 tunridiores
858 1837 1021 1909 reddamur,
1038 1837 1163 1894 animum
1177 1852 1224 1895 re·

61 1941 183 2003 colentes
199 1945 369 2016 cogitemus,
386 1941 464 2014 quod
478 1941 571 2014 pulvis
587 1948 616 1999 et
631 1942 731 1999 umbra
747 1958 852 1999 sumus.
884 1941 991 2014 Hodie,
1013 1941 1119 2014 inquit,
1140 1940 1226 2000 home

63 2048 111 2107 sihi
120 2048 178 2120 ipsi
190 2047 283 2106 bellus
298 2051 327 2105 et
336 2063 455 2119 magnus
467 2044 590 2117 videtur,
604 2062 666 2102 cras
680 2047 754 2103 sorte
767 2053 910 2118 agrotans
923 2046 968 2104 vel
980 2046 1034 2102 hac
1046 2047 1110 2119 ipsa
1123 2045 1170 2103 die
1181 2045 1227 2104 vel

62 2151 196 2223 perendie
210 2158 291 2210 terra
304 2151 445 2209 conditur.
469 2149 575 2208 Docuit
591 2166 705 2221 quoque
720 2153 816 2207 omnia
826 2150 931 2208 Christi
946 2166 1015 2222 ergo
1030 2149 1228 2224 posthabenda

63 2270 129 2330 csse,
145 2256 254 2315 liberos
269 2269 382 2327 quoque
396 2260 427 2312 et
441 2253 558 2312 charam
573 2255 730 2326 conjugem,
746 2255 770 2311 si
786 2253 892 2312 Christi
907 2255 999 2313 honor
1015 2257 1120 2327 exigat,
1138 2255 1227 2327 negli-

63 2359 166 2432 gendos
180 2376 216 2418 ac
226 2361 312 2433 jnxta
326 2359 354 2418 d.
370 2358 454 2426 Pauli
469 2360 651 2416 sententiam:
676 2358 728 2428 Qui
743 2358 850 2417 habent
869 2375 988 2432 uxores,
1010 2360 1068 2417 sint
1089 2366 1227 2431 tanquam

63 2478 115 2522 non
127 2462 280 2522 habentes.
311 2462 361 2519 Ait
375 2468 472 2520 autem
486 2478 543 2519 non
558 2462 718 2534 prohiberi,
741 2461 887 2535 possidere
908 2463 953 2520 vel
973 2462 1080 2531 hebere
1101 2463 1224 2535 divitias,

62 2568 140 2627 modo
155 2569 232 2628 datis
246 2573 326 2626 recte
344 2567 435 2626 utaris
455 2570 485 2624 et
503 2567 699 2625 Abrahamurn
718 2582 779 2639 prae
802 2566 890 2623 oculis
910 2567 1016 2624 habeas
1040 2571 1069 2624 et
1088 2583 1104 2625 e
1124 2571 1226 2624 contm

64 2668 173 2731 dinem
186 2672 269 2730 illum
283 2672 433 2744 epulonem
449 2671 651 2743 evangelicum.
684 2670 800 2741 Adjecit
815 2685 928 2742 quoque
943 2671 1084 2727 neminem
1098 2685 1183 2742 posse
1197 2675 1228 2727 ot

64 2770 120 2835 lico
143 2782 173 2834 et
199 2776 373 2833 Mammonae
396 2776 512 2833 servire.
551 2775 777 2848 Benignissinrus
803 2779 886 2846 pater
910 2776 1034 2833 coelestis
1061 2791 1114 2848 per
1137 2771 1226 2831 filium

64 2892 138 2937 tuum
153 2879 381 2953 dilectissimum,
397 2885 430 2938 ut
443 2879 542 2938 habita
556 2882 669 2938 ratione
684 2878 849 2951 fragilitatis
864 2884 971 2937 nostrae
986 2881 1079 2953 ipsum
1091 2880 1182 2937 solum
1197 2883 1227 2937 et

66 2998 140 3055 quem
153 2984 234 3042 misit
247 2985 278 3041 in
291 2982 398 3041 bonnm
413 2985 504 3041 nostri
520 2984 619 3041 Jesum
635 2983 778 3041 Christum
800 3000 897 3042 amare
918 2987 947 3041 et
968 2985 998 3041 in
1018 2983 1178 3041 humilitate
1197 2989 1227 3041 et

64 3088 197 3159 patientia
218 3091 319 3147 sancta
341 3087 450 3146 annuos
471 3094 585 3146 nostros
607 3088 769 3162 possidere,
793 3082 948 3160 adjuvante
969 3104 1022 3145 nos
1045 3089 1148 3161 spiritu
1172 3104 1225 3146 suo

63 3198 155 3252 taneto
170 3192 329 3263 valeamus,
345 3192 445 3264 largiri
462 3193 604 3264 dignetur.
628 3193 730 3250 Amen.

143 3294 333 3353 Plebiscitum
347 3296 523 3354 bohemicum
539 3302 583 3354 est
597 3302 630 3354 nt
645 3299 694 3369 qni
710 3315 728 3355 a
748 3297 904 3355 baronibus
926 3296 1139 3368 quatuordecim
1157 3295 1225 3352 latae

64 3400 209 3458 sententiar
225 3400 414 3472 contradicat,
431 3382 582 3459 ethonore
598 3407 627 3459 et
642 3417 761 3474 corpore
777 3403 964 3472 periclitetur.
995 3402 1068 3458 item
1082 3402 1168 3458 moris
1183 3407 1228 3459 est

62 3501 259 3578 inBohemia,
283 3509 316 3561 ut
335 3500 497 3576 ubicunque
518 3505 639 3563 dominis
660 3506 776 3563 libuerit
798 3507 891 3563 coloni
915 3509 1033 3577 accepta
1054 3504 1177 3578 pecunia
1198 3509 1227 3563 et

59 3606 133 3681 'tgtis
147 3612 179 3668 et
192 3607 278 3667 domo
294 3608 396 3667 cedere
412 3614 559 3681 cogantur.

55 3718 73 3739 ‘⁴
143 3712 268 3772 Liborio
282 3712 443 3786 injunctum
457 3718 490 3770 ut
504 3713 723 3772 Atrebateuscm
738 3714 910 3784 alloquatur.
941 3712 1037 3786 Ipsum
1051 3713 1138 3785 igitur
1157 3726 1225 3767 cou-

53 3816 174 3877 uenena
189 3815 295 3876 obnixe
310 3818 492 3891 deprecatur,
509 3825 542 3876 ut
556 3818 663 3876 auxiho
679 3835 741 3876 esse
757 3819 835 3891 velit,
853 3833 908 3890 quo
923 3818 1026 3874 litterae
1039 3814 1226 3872 absolutionis

54 3920 309 3981 'amulberentm
323 3924 354 3981 et
367 3921 407 3999 ad
422 3937 576 3980 caesaream
591 3924 769 3994 majestatem
786 3922 854 3979 mihi
869 3922 980 3979 veniam
996 3918 1072 3992 apud
1092 3932 1156 3975 eum
1175 3918 1224 3976 de-

54 4012 193 4099 ''pacandi
208 4031 241 4086 et
254 4026 336 4085 locus
353 4030 382 4084 et
395 4030 508 4100 tempus
523 4027 707 4085 indicaretur.
739 4027 836 4085 Primo
855 4026 944 4099 igitur
963 4023 1161 4081 atrebatensis
1178 4038 1225 4082 re-

55 4128 132 4206 fluit,
153 4130 257 4192 dictans¹
275 4130 321 4191 illi
340 4130 426 4190 modo
447 4130 484 4190 ad
506 4130 669 4205 hujusmodi
690 4148 747 4189 non
768 4147 832 4190 esse
853 4129 953 4188 ocium.
986 4127 1023 4186 At
1038 4126 1141 4186 Florus
1155 4128 1227 4187 nihil
