2678 4546
138 221 212 280 enim
228 222 400 280 salvatorem
414 224 545 279 nostrum
559 218 640 292 sequi
655 216 805 292 debemus,
826 217 897 288 Noa,
919 216 1045 290 inquam,
1062 215 1111 289 qui
1128 213 1246 276 Christo
1260 216 1311 275 ad·

138 325 289 400 haeremus,
306 342 363 385 non
377 324 512 401 mundus,
530 326 579 398 qui
594 323 695 398 habet,
712 339 768 398 qno
783 322 953 397 recipiatur,
975 322 1025 397 qni
1044 338 1083 381 ne
1097 327 1181 397 optat
1197 321 1310 396 quidem

139 431 225 489 etiam
245 446 308 491 esse
327 448 391 489 cum
414 429 541 505 Christo,
565 432 635 504 quin
655 430 723 490 etsi
737 428 817 488 Deus
836 427 929 489 adhuc
947 428 978 487 in
999 427 1087 487 terris
1106 433 1224 503 ageret,
1248 443 1308 486 eum

139 536 246 609 majore
262 553 345 610 quam
360 538 452 595 crucis
467 537 606 612 supplicio
621 533 759 608 afficeret,
776 540 834 595 tam
848 535 946 609 iniquo
962 534 1057 594 animo
1072 533 1103 591 in
1119 530 1266 593 Christum
1280 539 1308 592 et

138 656 218 700 suam
233 643 383 702 remmam
398 647 473 718 sunt,
490 644 539 716 qui
554 642 730 702 mansionem
745 646 777 700 et
792 641 1036 701 conversationem
1051 655 1134 698 suam
1149 655 1215 699 curn
1229 638 1306 714 priu-

139 747 201 820 cipe
216 747 300 822 hujus
315 748 415 807 mundi
431 748 558 808 sathana
571 747 688 808 habent.
723 745 794 807 Item
811 747 989 821 explanavit,
1012 743 1083 820 quid
1097 745 1155 805 sibi
1168 745 1232 805 haec
1245 762 1304 805 sen·

138 855 242 913 tentia:
259 853 416 913 «Ascendit
423 854 553 913 dominus
565 854 596 912 in
605 855 694 913 altum
703 861 733 915 et
740 855 882 928 captivam
892 851 974 911 duxit
986 852 1215 927 captiuitatem»
1232 852 1303 911 velit

137 960 279 1019 Nimirum
293 962 487 1035 captiuitatem
502 958 599 1035 inisse,
616 976 674 1034 qua
689 978 707 1020 a
721 961 851 1036 principa
865 959 951 1032 huajus
966 958 1066 1020 mundi
1080 965 1110 1019 at
1124 957 1302 1021 tenebrarum

137 1081 171 1125 ac
185 1071 278 1124 morte
293 1080 327 1123 ac
342 1063 454 1124 inferno
469 1066 603 1125 miserum
618 1082 707 1140 genus
722 1066 876 1127 humanum
890 1063 1040 1127 obAdami
1054 1065 1230 1140 protoplasti
1244 1064 1301 1139 lap

137 1187 200 1229 som
214 1168 383 1242 tenebatur3
399 1170 473 1229 hanc
489 1169 619 1231 Christus
639 1187 735 1231 secum
750 1171 845 1246 duxit,
866 1170 972 1232 abhas
987 1187 1040 1232 nos
1054 1169 1201 1231 liberavit.
1238 1171 1302 1231 lan

137 1276 213 1336 dona
228 1276 308 1336 dedit
322 1277 491 1351 hominibus,
512 1276 582 1350 qnid
597 1281 650 1337 etc.
673 1283 705 1336 nt
719 1277 749 1336 id
763 1278 910 1352 aptissime
925 1294 962 1337 ex
981 1277 1009 1336 d.
1026 1275 1118 1337 Paulo
1141 1276 1264 1350 edocuit,
1277 1279 1301 1333 et
1331 1322 1333 1329 .

139 1398 224 1455 quam
239 1384 302 1441 haec
316 1382 392 1442 dona
407 1381 512 1443 Christi
527 1383 701 1443 munusculis
714 1383 802 1457 regiis
818 1387 871 1442 etc.
894 1386 1075 1456 praestarent.
1113 1380 1224 1442 Docuit
1237 1394 1298 1455 quc
1329 1424 1333 1445 ;

139 1503 203 1561 que,
228 1489 277 1561 qui
296 1489 492 1548 ascensionem
513 1489 629 1548 Domini
648 1491 726 1563 juste
746 1503 966 1562 veneraremur,
989 1487 1133 1547 nimirium
1155 1492 1189 1547 ut
1202 1484 1298 1560 hicpia
1331 1544 1333 1551 .

138 1595 225 1652 vitam
245 1594 440 1670 instituamus,
465 1594 579 1656 Christo
600 1600 630 1656 et
651 1595 740 1656 verbo
763 1595 825 1668 ejus
845 1591 1013 1653 obediamus
1028 1609 1060 1652 ac
1076 1598 1211 1667 optamus
1226 1589 1296 1653 Chn'·
1330 1660 1333 1667 ,

135 1707 222 1771 stum,
240 1702 289 1774 qni
304 1717 357 1760 nos
371 1703 527 1777 praecessit,
548 1693 651 1761 sedens
666 1703 696 1761 in
710 1700 802 1776 gloria
816 1699 872 1760 Dei
886 1701 987 1775 patris,
1008 1698 1156 1773 subsequi.
1193 1695 1296 1757 Puerile
1321 1746 1333 1753 .

138 1808 212 1866 onim
227 1807 427 1882 spectaculum,
445 1807 522 1881 qnod
536 1809 657 1883 papistae
671 1807 780 1868 idolum
794 1804 911 1879 aliquod
924 1807 955 1864 in
964 1805 1054 1864 altum
1064 1804 1195 1880 trahunt,
1209 1803 1294 1863 rolaa

137 1918 181 1971 tes
194 1911 249 1971 hoc
263 1911 425 1987 significare
439 1914 634 1973 ascensionem
649 1912 755 1972 Christi
770 1906 826 1972 etc.¹
869 1910 1041 1986 Hujusmodi
1055 1908 1186 1985 ludicris,
1206 1909 1294 1983 inquit

138 2016 240 2075 intenti
260 2023 326 2078 sunt
350 2024 380 2078 ct
398 2033 487 2091 opera
506 2016 613 2078 Christi
632 2020 724 2077 instar
747 2018 837 2076 simia
856 2016 964 2075 imitari
978 2017 1087 2076 volunt.
1126 2014 1247 2088 Quando
1259 2008 1295 2073 rel
1317 2090 1333 2101 ·

79 2172 88 2189 ,
138 2121 262 2196 tandem
278 2124 328 2195 ait,
344 2123 381 2182 de
395 2123 491 2183 reditu
505 2123 567 2196 eius
589 2128 618 2183 et
633 2139 685 2184 nos
709 2138 805 2184 secum
820 2126 983 2182 assumente
998 2117 1087 2182 lestos
1101 2121 1166 2181 dies
1179 2120 1295 2181 celebra·
1319 2138 1324 2143 ·

114 2244 123 2257 ·
138 2229 197 2287 turi
211 2243 315 2287 sumus.
345 2226 487 2302 Proiecto,
508 2230 559 2303 ait,
579 2229 675 2290 rideat
688 2230 820 2302 mundus,
841 2229 962 2303 papistae
976 2227 1044 2288 licet
1058 2226 1246 2303 obganniunt,
1259 2231 1296 2287 ta·

137 2349 204 2393 men
219 2334 249 2392 in
263 2335 424 2409 propinquo
443 2339 488 2394 est
501 2333 642 2395 adventus
658 2336 775 2397 domini.
817 2334 874 2395 Hic
888 2332 1009 2421 adduxit
1022 2337 1157 2407 tempora
1171 2333 1300 2393 Nonae

138 2440 214 2500 Loth
229 2445 282 2500 etc.
313 2437 497 2514 Refrigerata
518 2447 563 2501 est
581 2442 656 2501 enim
677 2441 803 2501 charitas
819 2440 973 2500 multorum
988 2445 1018 2500 et
1032 2439 1166 2501 abundat
1188 2438 1299 2509 mah't'n,

138 2553 169 2606 ut
183 2549 213 2606 in
227 2546 379 2621 propatulo
394 2553 447 2606 est
471 2548 615 2622 Rogemus
631 2563 710 2623 erpo,
727 2547 827 2621 inquit,
849 2545 995 2605 dominum
1010 2552 1039 2605 et
1053 2544 1241 2605 liberatorem
1254 2560 1300 2603 no·

137 2660 228 2713 strum
243 2653 343 2711 Jesum
358 2650 513 2728 Christum,
539 2652 685 2714 sedentem
704 2652 742 2714 ad
763 2651 892 2712 dextram
907 2651 962 2710 Dei
985 2651 1092 2726 patris,
1116 2656 1152 2711 ut
1167 2653 1258 2726 ipsam
1269 2664 1301 2715 uu

138 2761 219 2831 sequi
234 2757 387 2816 valcamus.
411 2758 469 2818 Sed
484 2761 547 2833 qnis
562 2765 732 2833 assequetur
747 2758 879 2831 spiritum
893 2758 922 2818 d.
938 2755 1083 2817 Masculi?

226 2862 335 2922 Eadem
358 2862 457 2922 litores
477 2864 599 2924 dominae
621 2866 721 2925 matris
741 2863 806 2923 duci
828 2864 953 2923 Ernesto
969 2878 987 2922 a
1001 2861 1192 2939 Brunschwip
1204 2861 1299 2923 obtuli·

138 2985 210 3042 mus,
227 2985 245 3027 a
260 2985 316 3042 quo
331 2969 493 3029 humaniter
507 2971 617 3044 accepti
632 2975 662 3029 et
676 2987 740 3030 cum
764 2986 799 3030 eo
813 2970 892 3045 apud
906 2969 1064 3044 prinoipem
1086 2969 1242 3031 electorem
1253 2966 1299 3027 dc

139 3090 241 3133 annern
263 3076 441 3134 Fn'dericam
464 3077 564 3152 pransi
583 3091 692 3149 sumus,
716 3075 766 3135 ubi
791 3081 820 3136 et
841 3074 965 3136 aderant
985 3075 1059 3150 regii
1078 3088 1226 3150 proceres,
1247 3070 1299 3133 Da

138 3181 310 3241 Danheuser
319 3186 355 3241 et
369 3179 426 3240 elii.
454 3180 541 3256 Apud
555 3180 738 3241 Wilhelmum
753 3182 882 3243 comitem
898 3183 1003 3241 ooenati
1017 3196 1123 3240 sumus.

227 3286 352 3346 Rumore
367 3284 542 3361 divulgatum
558 3292 610 3359 est,
634 3284 794 3361 pontificios
810 3286 888 3360 apud
896 3285 1038 3346 Caesarem
1052 3286 1259 3357 intercessisse,
1271 3286 1299 3341 at

138 3392 290 3450 conciones
305 3407 394 3450 sacrae
410 3392 675 3453 intermitterentur.
700 3392 734 3451 ln
749 3392 841 3467 sigillo
856 3390 986 3453 Platonis
1002 3391 1140 3466 scriptum
1156 3398 1234 3451 eram
1248 3388 1295 3447 lia

138 3496 219 3555 cilius
235 3501 278 3555 est
292 3512 406 3556 morere
422 3499 557 3573 quietum,
578 3515 663 3572 quam
678 3499 808 3572 quietare
822 3502 942 3570 motum3
967 3499 998 3558 in
1013 3496 1109 3572 sigillo
1123 3494 1294 3557 maelii:

138 3602 301 3676 Sapientior
316 3609 368 3677 est,
384 3604 434 3676 qui
449 3604 528 3677 quod
542 3605 622 3666 novit
641 3602 804 3676 abscondit,
821 3618 907 3676 quam
922 3603 972 3676 qui
986 3602 1131 3678 propalat,
1147 3601 1228 3677 quod
1240 3612 1294 3659 aaa·
1323 3642 1326 3647 -

137 3709 185 3767 cit.
210 3709 243 3767 In
258 3710 351 3784 sigillo
373 3709 513 3769 Socratis:
543 3710 677 3769 Inimicus
697 3707 819 3767 hominis
839 3709 1004 3783 insipientia
1022 3709 1099 3782 ejus;
1126 3710 1236 3769 amicus
1251 3694 1333 3767 tab

136 3816 220 3874 minis
235 3818 377 3889 sapientia
392 3816 465 3888 cj11s3
489 3816 519 3874 in
534 3814 627 3888 sigillo
644 3814 777 3874 Seneca:
804 3815 950 3874 Secretum
965 3830 1059 3874 meum
1074 3813 1154 3873 mihi.
1305 3892 1308 3897 Ι

226 3922 259 3979 In
276 3922 322 3981 dic
337 3921 512 3981 ascensionis
525 3917 640 3993 domini,
664 3922 713 3994 qni
729 3924 792 3980 erat
810 3924 849 3980 10
866 3920 926 3980 dies
941 3920 1013 3994 Maii
1028 3918 1082 3979 sub
1097 3926 1215 3981 noctem
1227 3912 1327 4013 11⁸?

137 4027 214 4083 tinas
229 4043 337 4098 coquus
360 4026 486 4101 episcopi
502 4025 751 4096 hlonastcrionsis,
777 4025 824 4097 qui
848 4026 1007 4084 consilariis
1028 4026 1170 4099 Angustae
1192 4022 1289 4087 addit!

138 4134 210 4203 erat,
227 4129 264 4190 ah
278 4131 461 4193 adolescente
475 4130 610 4206 quopiam
624 4130 745 4191 Didonis
760 4146 779 4191 a
792 4130 997 4206 Kniephausen
1015 4130 1125 4194 tammo
1138 4128 1288 4195 intuta·
