2706 4530
654 41 720 107 229

104 229 209 286 cutura
223 225 331 287 vivam.
354 225 409 285 Est
424 224 499 284 enim
515 223 678 284 Schwartza
692 225 809 286 variolis
825 231 855 286 et
878 227 1063 288 nobilioribus
1079 228 1214 304 piscibus
1230 248 1279 290 ur·

100 327 233 390 beculam
256 327 471 406 praeterfluens,
495 329 583 390 dives.
623 329 724 390 Socrui
739 338 845 392 nostrae
869 334 1046 393 haeccivitas
1061 337 1213 407 quotannis
1228 337 1279 396 du·

101 439 204 494 centos
220 451 325 495 aureos
340 434 448 511 pendet
463 439 492 494 et
507 436 681 508 octuaginta.
717 436 808 496 Omne
822 455 892 497 vero
908 439 986 511 quod
999 438 1046 497 bio
1060 440 1191 500 trivimus
1205 447 1277 501 tem-

98 555 153 614 pus
168 542 341 614 sesquihora
357 547 430 601 erat.
468 540 608 600 Dedimus
622 539 719 600 filiolae
725 542 848 617 Alberti,
864 555 950 616 quam
960 561 1033 604 uxor
1048 551 1178 606 nostrae
1195 564 1277 607 sacro

98 644 180 707 fonte
194 646 304 709 levavit
318 651 347 706 et
362 645 523 706 Anastasia
539 661 642 706 nomen
656 647 775 722 indidit,
792 664 912 708 aureum
927 665 1032 721 unum,
1050 652 1215 711 cantoribus
1230 669 1275 712 so-

99 751 176 812 lidos
192 751 300 828 decem,
316 752 556 826 praesentantibus
568 751 721 826 amphoras
732 752 858 812 vinarias
870 768 985 826 grossos
997 769 1056 827 sex,
1074 760 1104 813 et
1119 757 1167 828 qui
1176 763 1276 830 portas

99 856 177 916 arcis
191 862 305 916 reserat
320 858 416 917 nescio
439 873 503 930 quae
519 857 698 916 numismata.
733 857 792 917 Sub
807 862 937 917 octavam
953 859 1044 917 noctis
1059 860 1276 921 Rud'elstadium

97 977 210 1023 reversi
225 978 331 1020 sumus.

186 1068 299 1141 Volupe
323 1070 368 1125 ost
387 1065 496 1124 homini
519 1065 566 1139 pio
587 1071 617 1125 et
639 1067 751 1125 erudito
772 1068 802 1125 in
817 1068 861 1126 bis
887 1069 997 1143 exiguis
1015 1069 1158 1144 oppidulis
1173 1070 1273 1131 videre

97 1173 249 1232 ecclesiam
264 1177 294 1231 et
308 1171 389 1231 ludos
405 1172 566 1230 litterarum
585 1187 639 1245 pro
661 1188 713 1230 sua
729 1176 806 1231 sorte
821 1174 890 1232 viris
906 1172 988 1234 bonis
1009 1178 1125 1248 provisa
1142 1182 1171 1235 et
1185 1193 1228 1234 vae
1244 1178 1275 1237 in

96 1278 225 1337 seculum
240 1277 329 1337 seculi
343 1279 479 1336 Romanae
494 1276 594 1335 bestiae
611 1276 641 1335 C.
658 1283 687 1336 et
702 1278 736 1335 F.
753 1294 816 1336 cum
836 1278 966 1338 omnibus
982 1282 1107 1353 squamis
1123 1283 1199 1354 ejus,
1224 1284 1272 1356 qui

95 1383 149 1443 has
164 1374 333 1457 reipublicae
356 1389 385 1442 et
404 1381 603 1441 ecclesiastieae
623 1382 878 1443 administrationis
899 1384 1006 1452 formas
1021 1393 1151 1447 evertere
1167 1404 1271 1447 conan-

97 1495 146 1552 tur
162 1494 192 1550 ct
207 1489 287 1563 quod
301 1490 332 1548 in
346 1488 497 1563 propalam
513 1493 556 1547 est
570 1505 645 1547 nunc
660 1490 766 1562 possim
781 1487 925 1564 profligat.

181 1594 300 1654 Eadem
325 1594 523 1668 sigismundus
543 1610 637 1653 comes
660 1611 678 1653 a
698 1592 847 1669 Gleichen,
871 1595 942 1655 baro
966 1597 1002 1657 de
1025 1599 1118 1658 Ruess
1140 1605 1170 1658 et
1184 1603 1273 1660 ceteri

95 1687 316 1758 Rudclstadium
331 1704 512 1758 transeuntes
527 1699 565 1757 N.
582 1705 715 1772 sponsam
731 1700 760 1757 in
775 1700 1042 1775 Leuchtenbergam
1059 1703 1248 1765 deduxerunt.

184 1805 214 1878 xj
231 1804 302 1863 Julii
324 1806 422 1863 uxoris
444 1809 473 1862 et
494 1809 593 1863 nostro
617 1801 731 1864 nomine
755 1810 879 1878 quatuor
893 1806 1021 1866 thaleros
1041 1809 1072 1868 in
1086 1808 1272 1868 honorarium

99 1922 213 1982 sponsae
228 1907 258 1967 iu
272 1908 484 1982 Lieehteuberg
498 1910 640 1983 misimus,
662 1912 730 1969 item
752 1910 881 1970 dedimus
904 1913 1025 1971 sarctori
1042 1912 1169 1988 Casparo
1185 1926 1270 1988 pecu-

93 2014 172 2072 niam
186 2015 217 2072 in
231 2021 341 2074 vestem
356 2016 477 2074 sericam
492 2016 576 2073 uxori
590 2021 698 2074 nostrae
713 2016 943 2091 comparandam.

146 2157 151 2165 ·
182 2119 294 2179 Eadem
316 2118 344 2178 d.
360 2119 496 2178 Albertus
521 2135 556 2178 ex
574 2121 676 2195 psalm.
706 2125 766 2180 119
792 2121 940 2182 octoadem
960 2122 1098 2182 decimam
1120 2124 1271 2195 septimam

94 2225 240 2300 exposuit,
258 2226 378 2285 scilicet:
403 2224 549 2285 Mirabilia
563 2228 726 2286 testimonia
741 2232 806 2301 tua,
823 2228 936 2288 domine
956 2235 1010 2287 etc.
1036 2228 1180 2288 Summam
1195 2229 1271 2289 hanc

93 2331 206 2405 posuit,
232 2347 322 2404 quare
343 2331 492 2390 christiani
511 2332 630 2391 verbum
645 2334 855 2408 amplectantur
878 2339 906 2392 et
922 2333 958 2393 ob
974 2334 1003 2392 id
1018 2334 1117 2394 sedulo
1133 2353 1169 2394 ex
1183 2336 1270 2395 corde

93 2440 189 2498 etore
205 2434 288 2495 deum
303 2442 420 2510 rogent,
448 2415 585 2509 et‘bujus
606 2438 743 2496 orationis
768 2439 843 2497 hanc
862 2438 983 2498 formam
1004 2454 1079 2513 esse;
1109 2441 1177 2498 item
1202 2440 1271 2513 quid

93 2540 202 2615 oratio,
229 2540 300 2614 quid
318 2541 396 2600 zelus
417 2547 492 2600 esset
513 2558 566 2616 per
585 2547 644 2601 tres
665 2560 764 2602 versus
779 2545 886 2618 primos
907 2542 1015 2614 docuit,
1038 2544 1134 2602 diceus
1148 2544 1271 2604 verbum

96 2646 207 2705 domini
222 2662 284 2706 esse
300 2647 476 2721 admirabile,
492 2647 547 2707 hoc
562 2649 638 2708 enim
653 2665 716 2708 cum
731 2650 858 2723 parvulis
873 2647 1021 2707 reveletur
1031 2663 1084 2723 per
1098 2649 1270 2723 sapientiam

92 2751 215 2811 rationis
239 2751 371 2812 humanae
387 2753 588 2829 comprehendi
603 2759 734 2827 nequeat.
773 2754 812 2813 Et
834 2752 872 2812 ad
891 2754 976 2826 hujus
998 2755 1042 2813 rei
1057 2754 1206 2813 veritatem
1221 2754 1270 2814 de·

92 2856 311 2917 monstrandam
331 2859 435 2918 multos
456 2860 606 2932 scripturae
628 2860 707 2919 locos
723 2860 868 2932 aptissime
883 2859 1013 2918 adduxit.
1052 2860 1125 2919 Item
1140 2861 1270 2919 consola·

91 2962 200 3020 donem
220 2963 250 3020 in
268 2963 323 3022 hoo
345 2964 455 3036 psalmo
481 2967 622 3025 contineri
643 2982 678 3025 ao
706 2982 769 3024 eam
789 2982 824 3024 ex
847 2965 933 3024 verbo
962 2964 1069 3023 domini
1089 2966 1267 3039 contingere,

88 3067 175 3140 iuxta
190 3045 278 3127 1111111εΙ
301 3067 399 3127 Omnis
414 3071 559 3145 scriptura
580 3071 716 3130 divinitus
739 3071 880 3145 inspirata
894 3070 972 3128 utilis
988 3074 1032 3127 est
1047 3069 1083 3127 ad
1098 3069 1267 3144 docendum,

92 3172 131 3232 ud
145 3173 368 3233 consolationem
383 3182 437 3235 etc.
462 3178 560 3236 Tertio
576 3176 660 3253 docet
675 3181 704 3234 et
719 3176 887 3234 orationem.
912 3176 946 3233 ln
957 3174 1012 3234 hac
1026 3180 1122 3233 autem
1138 3175 1267 3233 oratione

92 3280 238 3354 praecipuc
259 3286 381 3353 quatuor
401 3286 546 3355 petuntur.
585 3281 683 3339 Primo
704 3285 737 3338 ut
758 3280 827 3340 deus
842 3280 883 3338 illi
899 3281 936 3338 sit
951 3281 1101 3354 propitius.
1141 3279 1198 3338 Sed
1213 3280 1265 3353 ais,

93 3384 166 3444 illud
182 3386 324 3457 quomodo
340 3383 427 3444 faeiat
445 3386 535 3445 deus?
557 3387 612 3444 hoc
625 3386 711 3445 modo
731 3390 816 3458 rogat
826 3382 974 3460 'propheta
995 3403 1052 3459 quo
1068 3388 1141 3445 solet
1155 3386 1265 3446 miseri-

94 3489 224 3550 cordiam
239 3491 374 3551 exhibere
389 3491 573 3552 laudantibus
589 3508 692 3551 nomen
707 3506 797 3550 suum.
837 3492 876 3548 Hi
896 3491 971 3549 enim
992 3509 1050 3550 non
1064 3493 1267 3550 imminuentur

93 3597 172 3656 omui
186 3595 271 3670 bono,
288 3598 356 3668 quia
370 3597 564 3672 glorificantes
585 3614 616 3657 se
633 3598 702 3657 deus
725 3613 840 3669 quoque
855 3594 1005 3670 glorificat.
1045 3597 1175 3657 Secundo
1191 3601 1264 3669 orat,

93 3705 126 3760 ut
140 3706 221 3760 certo
235 3700 285 3760 fixi
305 3706 334 3761 et
353 3700 428 3762 firmi
448 3705 505 3762 sint
519 3702 608 3777 pedes
624 3705 684 3778 ejus
699 3705 730 3762 in
745 3703 864 3762 verbum
886 3702 1006 3774 domini,
1033 3707 1062 3759 et
1081 3716 1117 3759 ne
1137 3701 1265 3774 nequitia

94 3820 181 3882 super
195 3824 261 3866 eum
275 3815 385 3882 regnet.
425 3809 523 3869 Tertio
539 3815 571 3869 ut
586 3810 690 3869 liberet
706 3826 770 3869 eum
786 3809 821 3868 de
841 3809 948 3880 injuria
971 3807 1132 3880 hominum,
1156 3809 1186 3863 et
1204 3810 1265 3863 tum

95 3913 143 3987 ait,
160 3928 192 3973 sc
207 3919 387 3973 servaturum
402 3916 625 3975 contestationes
642 3917 757 3976 domini.
794 3915 902 3987 Quarto
918 3920 948 3972 et
960 3913 1060 3970 ultimo
1075 3914 1152 3984 orat,
1169 3914 1201 3968 ut
1216 3911 1265 3970 do-

94 4019 186 4078 minus
208 4036 295 4094 super
318 4021 411 4095 ipsum
429 4019 531 4080 faciem
551 4038 633 4080 suam
654 4021 794 4094 illustret,
821 4035 920 4079 servus
945 4017 1020 4076 enim
1034 4014 1141 4076 domini
1157 4019 1208 4089 est,
1233 4022 1266 4076 ut

97 4121 198 4185 doceat
213 4142 277 4187 eum
293 4127 353 4186 vias
364 4143 439 4186 snas.
455 4128 501 4186 Ex
511 4129 572 4188 zelo
587 4132 682 4186 autem
697 4127 739 4186 illi
754 4142 817 4184 cum
833 4123 963 4184 omnibus
977 4122 1033 4195 piis
1047 4122 1264 4198 communiuit,
