2678 4546
138 202 283 262 dominum
306 199 450 259 constanti
464 199 560 258 animo
576 194 720 256 confessus
735 197 783 270 sit,
799 197 867 271 quin
881 201 912 256 et
922 192 1051 271 crucifigi
1064 194 1167 270 voluit,
1183 192 1256 257 facie
1269 195 1302 259 ad

135 312 243 366 terram
259 321 344 363 versa
358 309 412 362 etc.
436 302 575 375 Quodque
591 301 699 374 absque
721 302 766 359 his
787 301 886 374 donis,
912 317 976 373 quae
991 299 1124 360 Christus
1144 300 1302 360 hominibus

134 412 230 483 dedit,
254 410 325 469 nihil
340 424 503 481 possemus,
528 407 655 479 allegans
679 406 820 477 psalmum
837 409 893 479 68,
918 406 1007 467 multa
1021 405 1166 479 ejusmodi
1180 406 1303 467 douae

133 516 289 574 christiana
303 513 484 587 simplicitate
497 510 609 570 docens.
634 511 708 568 Nam
722 516 829 583 praeter
840 511 921 587 (raro
936 511 1002 570 hnic
1016 511 1149 571 concioni
1165 509 1302 583 interfuit)

134 619 209 678 aives
224 618 323 677 domus
339 615 471 676 familias.
1332 594 1336 617 ¹

222 722 293 781 Cum
308 721 425 782 Liborio
440 720 510 778 nihil
525 720 561 780 de
576 722 656 794 equis
672 718 853 780 remittendis
867 720 915 793 agi
930 720 1036 794 potuit.

221 827 330 887 Eadem
352 824 516 886 sollicitatio
540 825 616 899 apud
632 826 852 885 attrebatensem
872 824 1049 898 intermissa,
1075 838 1130 884 nec
1149 825 1304 887 Nassasim

131 940 199 993 aute
213 933 362 992 meridiem
376 931 522 990 conveniri
539 932 651 1004 potnit,
675 948 709 990 eo
731 929 807 1002 qnod
827 930 1058 1003 archiepiscopus
1078 928 1261 991 &hiriensis
1278 936 1305 991 et

130 1039 192 1113 ipse
216 1037 251 1095 de
276 1034 460 1095 resarcienda
482 1035 636 1094 concordia
656 1033 780 1095 filioram
795 1031 928 1094 Otthonis
953 1034 988 1092 de
1006 1034 1159 1110 Rethbsrg
1178 1040 1302 1111 agerent.

132 1142 249 1201 Otthoni
265 1146 360 1198 autem
376 1139 433 1198 duo
447 1145 599 1212 supersunt
613 1139 674 1213 filii,
695 1146 767 1199 natu
783 1141 874 1213 major
889 1137 977 1198 Ottho
993 1143 1022 1196 et
1036 1139 1101 1213 ipse
1115 1141 1244 1215 nomino,
1258 1156 1303 1200 m·

131 1253 178 1305 tus
200 1252 292 1304 matre
319 1261 335 1302 e
356 1246 445 1318 stirpe
465 1245 599 1311 maritum
619 1245 656 1303 de
680 1245 772 1316 Seyn,
797 1249 827 1301 et
845 1243 972 1302 loannes
991 1241 1068 1301 filins
1088 1245 1199 1304 sororis
1218 1245 1301 1306 domi·

132 1366 234 1409 norum
249 1349 423 1420 Frisiorum,
446 1364 518 1420 quos
532 1347 659 1408 Juucker
676 1348 818 1407 Omekeus
834 1364 914 1406 soene
930 1347 1089 1422 Casparum
1104 1349 1302 1411 Baltbaserum

132 1459 162 1514 et
177 1454 320 1514 Simonem
338 1453 493 1512 nominant.

222 1559 325 1619 Petrus
348 1557 511 1618 aftenstad
532 1556 638 1618 loanni
659 1556 808 1616 Friderico
831 1558 897 1617 duci
917 1558 1034 1617 electori
1054 1563 1109 1619 etc.
1133 1559 1184 1619 lrie
1204 1562 1298 1617 erum·

132 1681 233 1725 uarum
248 1681 365 1724 suarum
380 1664 474 1723 socius
489 1671 518 1722 st
534 1679 553 1722 a
567 1661 688 1735 dapibus
703 1660 831 1721 ferendis
847 1669 899 1720 est.

220 1770 337 1841 Lanius,
355 1787 372 1828 a
387 1784 444 1842 quo
460 1769 550 1827 nostri
565 1783 665 1826 omnes
681 1765 843 1826 esculentas
855 1767 1070 1841 comparabant,
1086 1770 1198 1843 scripto
1210 1774 1243 1829 nt
1253 1784 1295 1827 ιι·

130 1876 235 1936 cabant
259 1875 474 1949 supplicationis
498 1873 616 1932 comites
632 1888 650 1931 a
664 1870 804 1930 Waldeck
828 1873 953 1945 rogavit,
978 1876 1011 1930 ut
1032 1889 1086 1945 pro
1101 1872 1194 1933 fratre
1209 1873 1293 1949 ipsiu,
1314 1932 1327 1947 ,.

131 1981 227 2040 nescio
242 1980 280 2040 ob
295 1979 373 2051 quod
387 1979 565 2037 commissum
581 1976 659 2049 apud
675 1976 808 2035 consules
818 1976 956 2050 Augustae
971 1977 1204 2051 intercederent3
1218 1994 1292 2052 nego

130 2086 202 2143 tium
217 2085 273 2143 hoe
286 2083 393 2142 Joaani
407 2082 493 2141 Hako
509 2087 538 2139 et
555 2081 639 2141 Josto
656 2080 842 2141 Colmachero
859 2081 1017 2154 injunctum
1031 2087 1086 2140 est.
1332 2140 1337 2145 ,

221 2188 361 2248 Dominus
377 2188 412 2247 de
428 2185 610 2245 Brabantzon
633 2187 695 2245 beri
711 2201 747 2243 ex
768 2185 927 2245 Brabantia
946 2184 1096 2245 aduenisse
1115 2186 1232 2261 dicitur,
1251 2183 1289 2260 qui

133 2295 211 2353 intra
227 2294 352 2366 quinque
367 2290 428 2350 dies
443 2307 461 2351 a
475 2290 607 2350 Brusella
621 2289 786 2349 Brabantiae
798 2290 956 2363 Angustam
971 2289 1156 2364 adequitasse
1169 2289 1288 2352 mediter.

131 2398 239 2458 Eadem
255 2396 373 2456 Carolus
389 2414 407 2455 a
423 2395 547 2455 Stocken
563 2395 707 2453 nobiscum
723 2412 846 2467 pransus
861 2404 915 2454 est.

219 2504 242 2563 0
261 2503 373 2563 domiue
389 2502 468 2576 Jesu,
485 2501 553 2574 quia
568 2502 700 2558 immotus
715 2516 809 2559 sermo
827 2501 956 2560 ueritatis
971 2508 1029 2560 aaa
1044 2504 1205 2575 permanat,
1219 2510 1284 2574 qut·
1307 2564 1314 2569 ,

130 2609 277 2683 discipulis
291 2610 348 2667 tuis
365 2608 475 2667 locutus
491 2623 536 2680 es,
554 2606 665 2664 dicens:
689 2605 776 2663 «Sine
791 2621 836 2662 me
851 2605 922 2664 nibil
937 2605 1057 2678 potestis
1071 2604 1198 2681 faceta»
1215 2613 1295 2685 qum¹

128 2714 187 2786 jam
207 2718 267 2770 tum
288 2715 317 2769 iu
341 2720 436 2771 monte
457 2714 556 2771 oliveti
576 2711 664 2770 coelos
688 2726 857 2769 ascensurus
880 2727 916 2771 ex
934 2710 1031 2770 divim
1050 2717 1104 2772 tua
1126 2706 1282 2787 prusam&

131 2831 179 2874 eos
195 2831 296 2873 cavere
310 2816 429 2887 jussisti,
447 2832 481 2873 no
497 2817 533 2875 ab
551 2816 757 2889 Hierosolymis
773 2815 963 2887 discederent,
979 2823 1135 2890 antequam
1149 2819 1282 2879 virtum
1293 2881 1339 2890 „-

131 2922 190 2979 alto
212 2920 417 2992 induerentur,
446 2922 623 2993 agnoscimus
644 2921 831 2994 cogitationes
853 2926 966 2979 nostras
986 2917 1084 2981 futiles
1109 2928 1141 2982 et
1158 2918 1318 3003 ιιιιιιἨιὲ

132 3023 274 3082 emarcida
294 3038 409 3095 quoque
430 3030 458 3083 et
478 3040 542 3097 quae
563 3026 686 3083 stultitia
707 3025 838 3083 bunlanae
864 3024 998 3084 vanitatis
1023 3025 1107 3086 nobis
1131 3027 1283 3087 samaim
1319 3102 1333 3107 -

132 3144 228 3203 opera.
253 3129 295 3187 Te
309 3130 407 3202 igitur,
424 3129 569 3187 mitissime
584 3145 635 3188 rex
650 3136 679 3188 et
694 3130 831 3202 salvator,
850 3130 909 3200 iam
934 3134 999 3201 post
1013 3136 1191 3209 assumptam
1204 3131 1317 3205 hffl'g

131 3235 249 3293 nitatem
270 3234 352 3293 deum
375 3250 475 3292 verum
495 3240 524 3294 et
544 3236 686 3294 bominem
707 3233 745 3292 ad
767 3235 914 3293 dexteram
929 3233 984 3293 Dei
999 3237 1093 3309 patris
1112 3236 1255 3299 sedantem
1265 3226 1301 3290 ei*

131 3343 299 3410 regnantem
314 3338 514 3411 deprecamur,
536 3344 566 3397 ut
582 3341 684 3412 spiritu
699 3344 749 3397 tuo
765 3338 839 3397 bono
855 3338 936 3397 nobis
960 3337 1075 3413 adesso,
1099 3342 1150 3415 qni
1225 3369 1236 3389 »v

132 3456 189 3499 non
204 3457 245 3512 es,
270 3442 339 3500 velis
355 3450 384 3501 et
399 3442 486 3502 corda
500 3450 601 3503 nostra
616 3446 721 3502 virtute
737 3459 772 3500 ex
787 3443 846 3502 alto
861 3442 998 3517 induere,
1019 3450 1053 3502 ut
1066 3450 1097 3504 te
1112 3445 1202 3521 diam
1214 3450 1245 3505 α
1253 3432 1325 3509 Η·

131 3561 197 3603 cere
213 3552 242 3603 et
257 3548 383 3619 cogitare
400 3548 556 3622 valeamus,
572 3550 659 3622 idque
674 3565 727 3621 per
741 3549 968 3621 tuammetipsam
983 3549 1153 3625 bonitatem,
1168 3549 1218 3626 qni
1325 3585 1333 3594 1

130 3656 160 3710 et
182 3667 286 3725 regnas
313 3667 376 3709 cnm
402 3651 465 3712 Deo
488 3659 570 3725 patre
597 3661 626 3711 et
650 3669 732 3712 sacro
760 3659 912 3724 pneumate
938 3653 1009 3711 deus
1036 3654 1133 3713 trinus
1154 3661 1200 3716 est
1218 3624 1329 3715 d

132 3756 234 3814 Arnen.

220 3861 360 3933 Quoniam
375 3877 450 3921 uana
464 3878 530 3934 spes
544 3861 581 3920 ab
594 3861 716 3935 homine,
733 3861 885 3921 fortissime
896 3862 1009 3922 Christe
1017 3862 1114 3924 Sehifo
1128 3870 1162 3925 tu
1326 3914 1338 3923 .

131 3980 245 4023 oausam
261 3982 324 4039 age.
1260 3993 1264 3998 ·

218 4070 327 4128 Eadem
350 4071 425 4129 inter
449 4069 564 4130 tertiam
584 4077 616 4128 et
637 4075 768 4145 quartam
791 4072 1015 4145 pomeridianam
1036 4071 1125 4134 borao
1139 4072 1232 4135 cnm
