2678 4546
682 56 728 129 to

107 231 146 293 de
161 233 345 296 dissensione
358 234 527 297 ludaeorum
542 238 750 312 altercantium,
766 254 834 299 num
849 237 981 300 dominus
1003 242 1033 301 in
1045 240 1193 302 Bethleem
1207 239 1287 305 Gali·

107 338 174 414 leae,
196 357 236 400 an
250 341 283 399 in
295 340 444 402 Bethleem
457 343 596 416 Ephrotae
611 345 690 403 nasci
706 343 861 405 debuisset.
900 347 983 422 Item,
1005 362 1096 421 quare
1110 347 1195 407 lesus
1210 348 1288 409 Mes·

108 445 170 503 sias
190 444 362 505 Nazarenus
382 453 500 507 vocatus
521 449 559 508 sit
581 453 611 508 ιι
630 448 705 508 unde
725 447 788 509 ιιι
808 453 952 512 sententia
976 452 1134 526 desumpta.
1173 453 1289 514 Scilicet

110 549 283 610 Nazarenus
302 551 467 628 vocabitur,
491 569 555 614 cum
573 555 657 628 juxta
677 553 705 613 d.
727 555 934 630 Hieronymum
948 559 990 636 ¹in,
1006 559 1092 619 nullis
1113 559 1196 619 libris
1218 576 1285 634 pro·

111 655 265 727 phetarnm
291 658 463 731 reperiatur.
504 657 610 718 Aiebat
633 666 729 720 autem
751 662 782 719 in
804 662 879 723 libro
897 660 1030 722 Judicnm
1056 679 1119 737 cap.
1141 665 1190 723 xvi
1204 665 1284 725 inre·

112 761 177 836 niri,
194 777 297 835 nempe
311 762 348 822 de
363 761 517 838 Samsone,
539 765 588 837 qui
606 763 702 824 fuerat
716 764 809 840 figura
829 767 991 827 salvatoris.
1027 768 1102 827 Nan
1117 775 1150 827 ut
1164 769 1286 831 Samson

112 867 209 940 plures
233 864 359 926 moriens
378 866 522 928 interiecit
543 886 630 944 quam
650 870 763 944 vivom,
784 872 826 930 sio
841 871 971 933 Christus
994 889 1078 933 verus
1093 873 1180 933 beros
1193 880 1287 936 morta

112 986 162 1030 sua
178 971 335 1046 diabolum,
359 970 503 1031 infernum
518 973 699 1035 otmundum
713 975 826 1038 devicit.
864 977 940 1037 Huic
954 994 1024 1054 ergo
1044 980 1169 1054 glorioso
1184 980 1284 1038 trium

110 1076 235 1152 phatori,
245 1078 294 1150 qni
302 1094 522 1152 suosnuuqnam
531 1080 719 1140 derelicturus
728 1088 781 1156 cst,
794 1099 904 1143 summa
911 1081 1018 1143 fiducia
1030 1082 1179 1144 adhaerere
1188 1085 1283 1158 iussit.

111 1181 196 1255 Quod
211 1183 294 1244 nobis
313 1184 444 1244 omnibns
462 1184 537 1244 idem
559 1183 698 1259 benignus
721 1187 866 1264 dominns,
888 1190 935 1249 cui
953 1205 1017 1248 cum
1037 1193 1120 1263 patre
1140 1194 1171 1249 et
1183 1196 1284 1250 sancto

109 1288 260 1361 spirituin
275 1291 448 1363 sempiterna
463 1290 501 1349 sit
514 1290 616 1365 gloria,
633 1290 728 1352 donet.
752 1292 855 1354 Amen.

198 1393 303 1452 Statim
319 1411 338 1454 a
352 1396 487 1455 concione
501 1396 675 1468 praedicator
689 1397 733 1457 his
749 1401 798 1472 qui
813 1415 903 1459 sacrae
919 1399 1034 1474 synaxis
1049 1397 1204 1472 participes
1218 1394 1282 1456 fieri

106 1496 259 1573 uolebant,
285 1501 448 1572 paraenesin
467 1501 730 1562 christianissimam
752 1503 892 1579 adhibuit,
908 1506 1068 1579 praelegens
1082 1507 1282 1578 argumentum

105 1604 287 1664 exemoliosis
306 1601 317 1639 ¹
332 1605 453 1678 publice.
492 1606 601 1667 lubens
616 1607 861 1681 praecipueDeum
876 1613 1004 1682 orarent,
1019 1613 1053 1667 ut
1066 1607 1185 1667 uerbum
1199 1624 1281 1667 snum

103 1710 189 1771 nobis
205 1709 314 1770 diutius
328 1711 476 1784 impartire
492 1711 668 1784 dignaretur.
694 1712 877 1772 Gaeremoniae
893 1720 989 1774 autem
1002 1713 1049 1772 ba
1063 1712 1125 1773 iere
1140 1714 1170 1771 in
1180 1712 1279 1786 Augu·

103 1819 192 1878 ιιιιιι
206 1816 337 1889 ecclesia,
353 1817 402 1876 ubi
416 1817 539 1890 populns
560 1817 598 1876 ad
619 1818 786 1877 sumendam
801 1819 1004 1879 eucharistiam
1019 1817 1139 1890 accedit,
1163 1831 1279 1875 servan·

101 1926 162 1982 tar.
186 1921 225 1980 In
238 1922 338 1996 templi
353 1922 441 1983 choro
456 1921 601 1981 Minorum
617 1922 709 1982 altare
725 1940 859 1997 magnum
874 1928 932 1998 est,
955 1930 1022 1982 ante
1037 1920 1115 1997 quod
1128 1921 1223 1995 posita
1236 1925 1281 1981 est

100 2041 205 2086 mensa
219 2041 286 2085 cum
308 2027 393 2090 altari
407 2026 536 2086 vectibus
551 2028 654 2101 ligneis
669 2027 795 2102 occlusa,
818 2028 874 2102 ιιι,
898 2034 930 2087 ιιι
947 2029 1001 2087 soli
1022 2027 1188 2088 sacerdotes
1202 2026 1281 2087 intra

96 2132 175 2193 illud
188 2132 348 2205 spatiolum
363 2136 466 2206 ιιιιιιι,
489 2137 518 2191 ιι
531 2137 717 2206 posteaquam
732 2132 813 2206 plebs
836 2135 984 2208 utriusque
1004 2151 1089 2194 sexus
1110 2133 1211 2194 ordine
1225 2148 1278 2193 suo

97 2244 159 2325 stat
173 2239 222 2298 uel
237 2238 410 2312 consederit,
425 2238 567 2312 parochus
583 2240 720 2298 nonnulla
739 2238 815 2298 bunc
833 2244 931 2299 actum.
950 2239 1152 2299 concernentia
1165 2254 1277 2313 germa-

95 2346 166 2405 nioo
183 2343 322 2404 idiomate
336 2344 415 2418 legit,
426 2345 515 2404 verba
529 2345 751 2404 consecrationis
767 2342 916 2418 proferens
932 2349 961 2403 et
970 2361 1036 2404 mox
1050 2344 1174 2403 ministri
1189 2345 1279 2405 eccle·

99 2448 160 2524 dte,
176 2447 256 2508 iacie
268 2447 309 2508 ad
322 2449 458 2522 populum
472 2464 566 2523 versa,
582 2466 684 2522 panem
700 2455 729 2509 et
743 2450 861 2508 calicem
875 2449 906 2507 in
921 2465 1021 2508 manus
1037 2454 1152 2509 sumunt
1166 2465 1276 2509 recum·

101 2552 207 2615 ιιιιιιι
221 2552 262 2613 ad
275 2554 417 2613 cancellos
431 2554 540 2629 atrioli,
564 2556 605 2614 ita
624 2560 657 2613 ut
672 2554 710 2613 ad
725 2555 825 2613 laevam
844 2554 946 2612 altaris
961 2551 1086 2613 foeminae
1106 2553 1278 2626 accipientes

107 2664 257 2734 mque
271 2659 396 2733 speciem
410 2658 557 2733 accedant,
566 2661 604 2720 ad
619 2659 748 2719 dextram
763 2659 818 2717 viri
833 2664 899 2732 etc,
915 2675 949 2718 eo
964 2664 1060 2717 ιιιιιιιι
1075 2656 1176 2718 ordine
1191 2664 1277 2731 ιιιιιι

111 2765 296 2840 indecentia,
312 2781 349 2824 ne
364 2765 410 2824 vel
424 2754 480 2824 vir‘i
494 2765 637 2838 mulieres,
653 2765 698 2823 vel
713 2764 848 2823 mulieres
863 2764 939 2822 uiros
959 2764 989 2823 in
1009 2779 1126 2824 accessu
1140 2765 1277 2823 intertur-

107 2864 180 2959 ¹brat
203 2869 344 2930 Liberum
358 2885 471 2944 quoqne
494 2875 538 2929 est
552 2870 701 2943 utriusque
717 2886 802 2929 sexus
817 2870 992 2944 bominibus,
1014 2870 1040 2928 si
1061 2870 1125 2943 quis
1140 2884 1276 2945 panemo

109 2966 233 3037 indibus
248 2973 431 3035 sacerdotum
446 2968 565 3034 vel'suis
580 2976 705 3049 propriis
718 2975 765 3042 ori
779 2991 831 3035 sno
847 2974 999 3034 admovere
1013 2975 1090 3048 velit,
1112 2975 1187 3036 idem
1203 2991 1274 3048 quo

110 3090 159 3159 ιῃι
172 3079 209 3139 de
222 3079 323 3140 calice.
345 3080 422 3140 Dum
437 3081 499 3138 baec
512 3078 595 3154 fiunt,
612 3080 801 3139 ecclesiaDeo
816 3079 915 3139 laudes
926 3080 1069 3139 decantat.
1093 3080 1164 3138 Post
1178 3095 1273 3154 sump-

112 3172 209 3251 flmem
228 3192 475 3246 momentorum
496 3201 597 3245 rursus
617 3201 670 3259 per
685 3185 864 3245 sacerdotem
878 3183 911 3244 fit
925 3185 1091 3245 admonitio.
1125 3184 1275 3258 Leguntur

112 3298 203 3375 ¹neces
219 3305 310 3350 sacra
325 3296 355 3350 et
369 3291 411 3349 sic
425 3290 546 3350 ecclesia
561 3291 721 3350 dimittitur.

114 3414 120 3445 ι
134 3438 137 3443 ,
189 3394 349 3455 Dicebatur
363 3395 463 3456 eadem
470 3394 769 3456 OttboBerckenieldt
782 3393 942 3455 advenisse.
971 3394 1083 3453 Eadem
1097 3394 1190 3467 maior
1204 3409 1274 3469 pars

114 3476 235 3577 bulini
249 3502 342 3560 nostri
356 3502 444 3575 regite
459 3506 489 3562 et
503 3516 635 3560 caesareae
650 3501 744 3559 missae
759 3500 906 3574 spectandi
921 3516 989 3575 ergo
1004 3499 1134 3560 adfuere.

129 3622 134 3627 ·
188 3605 237 3667 Ad
254 3607 372 3666 tertiam
395 3605 619 3680 pomeridianam
644 3605 682 3664 D.
705 3604 853 3665 Musordus
875 3611 1067 3680 prosequutus
1097 3612 1141 3664 est
1163 3610 1274 3664 textum

199 3712 206 3726 '
238 3712 310 3787 xiiii,
331 3711 439 3771 scilicet
459 3711 522 3769 baec
543 3711 646 3771 verba:
671 3710 775 3770 Pacem
796 3711 926 3784 relinquo
948 3711 1038 3786 vobis,
1061 3727 1161 3784 paoem
1181 3724 1274 3767 meam

118 3800 123 3807 ⁵
151 3817 244 3891 vobis,
256 3833 319 3876 non
335 3817 408 3875 sicut
422 3814 545 3875 mundus
561 3815 621 3888 dat,
637 3831 700 3874 eam
716 3816 753 3875 do
768 3815 848 3876 vobis
864 3821 917 3875 etc.
934 3831 1080 3891 exponens
1095 3816 1149 3886 ιιι,
1173 3827 1273 3886 pacem

118 3810 206 4003 Lien
222 3936 401 3994 essepacem
416 3926 541 3996 epatre,
557 3936 658 3995 paoem
673 3936 736 3979 cum
756 3926 839 3993 patre
861 3925 890 3980 ιι
904 3938 1001 3995 pacem
1017 3936 1103 3995 quam
1119 3917 1194 3991 gerit
1208 3931 1272 3973 cum

120 4026 150 4103 b·
681 4055 697 4091 a

121 4126 139 4205 ἰ
169 4151 182 4199 1
203 4143 402 4213 exomologesis
419 4141 534 4210 publicae
551 4143 569 4194 i.
589 4157 611 4194 a.
630 4140 744 4209 publicae
763 4140 944 4193 confessionis.
1019 4178 1024 4191 .
