2678 4546
112 201 262 263 Masculus
276 203 376 274 itaque
396 200 662 273 recapitulationem
676 213 784 273 eorum,
805 214 869 271 quas
885 198 931 257 die
947 198 1089 259 dominica
1103 201 1193 260 Lunae
1207 201 1285 262 bier·

112 308 185 366 curii
200 312 231 365 et
245 305 367 366 Veneris
389 304 495 380 elapsis
516 302 555 362 ad
573 302 783 376 precedentem
801 308 910 361 textum
926 303 1124 364 elucidandum
1139 306 1284 380 docuerat,

111 411 189 472 iecit
227 410 339 470 Dehinc
362 425 450 484 quare
466 407 596 468 cnaeus
618 407 771 481 discipulos
786 408 907 467 mundos
923 423 985 466 esse
1004 408 1127 481 dixerit,
1150 409 1284 484 ostendit,

113 513 420 575 nimirumobverbum
435 513 512 586 quod
527 511 688 571 audierant.
711 514 784 571 ltem
798 514 887 570 movit
896 515 1091 587 quaestionem,
1108 531 1172 589 qua
1187 531 1285 575 eorum

112 619 266 680 mundities
281 635 343 677 esse
359 618 496 694 potuerit,
518 635 580 676 oum
596 618 720 690 apostoli
734 618 887 676 ambitione
902 617 1077 694 laborarent,
1102 636 1192 694 quare
1214 625 1244 680 et
1265 634 1284 680 a

112 725 228 785 domino
250 725 375 796 correpti
395 730 463 782 sunt
485 723 555 796 ipsis
579 723 705 781 dicente:
738 722 888 794 Principes
904 724 1030 794 gentium
1045 724 1228 785 dominantur
1242 726 1284 785 eis

111 836 176 903 etc,
193 834 354 888 vosautem
368 843 427 885 non
442 828 491 885 sic.
523 827 641 885 Etcum
656 828 759 885 iterata
776 827 811 885 de
826 827 927 885 eadem
941 843 973 885 re
989 827 1178 902 disputarent,
1202 830 1281 902 puel·

111 935 169 992 lum
183 935 215 992 in
230 935 260 991 in
275 933 398 992 medium
414 933 548 990 statuerit
562 938 616 990 etc.
649 931 723 990 Hinc
738 933 827 1005 igitur
841 931 932 1003 liquet
947 934 1101 1006 apostolos,
1123 939 1152 992 et
1167 948 1224 993 uon
1238 950 1284 995 so·

110 1040 169 1096 lum
184 1038 345 1111 apostolos,
370 1037 423 1096 sed
442 1041 471 1095 et
493 1052 546 1095 nos
567 1053 664 1095 omues
685 1037 744 1108 jam
766 1042 826 1093 tum
848 1037 969 1094 mundos
994 1053 1056 1096 esse
1076 1054 1128 1111 per
1150 1039 1283 1098 meritum

111 1142 220 1201 Christi
235 1146 265 1201 et
279 1141 398 1201 verbum
413 1143 475 1215 ejus
490 1140 547 1200 fide
560 1150 716 1216 receptum.
752 1118 824 1200 Item
841 1141 917 1214 quod
932 1140 1011 1200 Deus
1028 1161 1062 1201 ex
1077 1159 1157 1201 mera
1171 1148 1202 1202 et
1215 1160 1281 1218 gra·

111 1249 186 1306 tulta
200 1263 254 1305 sua
268 1247 473 1321 misericordia,
495 1249 606 1307 etianmi
622 1264 679 1306 non
692 1245 821 1320 perfecta
835 1247 866 1304 in
881 1246 962 1304 nobis
977 1222 1087 1319 puritas
1103 1250 1149 1320 sit,
1175 1246 1213 1307 ob
1227 1244 1282 1308 tili·

109 1369 157 1411 um
171 1337 226 1424 per
240 1352 457 1425 imputationem
477 1368 531 1425 pro
549 1352 662 1411 mundis
683 1367 735 1410 nos
750 1350 868 1423 habeat,
885 1357 914 1409 et
929 1351 1006 1422 quod
1021 1367 1104 1411 nemo
1120 1359 1282 1412 sanctornm

110 1471 241 1530 unquam
254 1455 327 1514 adeo
343 1454 485 1529 perlectus
500 1454 596 1531 luerit,
613 1473 670 1530 qno
685 1456 933 1515 haucmunditiem
943 1456 1019 1514 omni
1035 1463 1168 1530 exparte
1183 1457 1213 1514 in
1227 1455 1283 1518 lroc

109 1559 216 1620 mundo
231 1565 380 1621 assecutus
394 1561 440 1634 sit,
457 1577 510 1620 nec
523 1578 592 1620 vera
607 1577 720 1634 qnoque
736 1562 942 1632 ecclesianam
958 1562 1112 1619 necessitas
1123 1578 1185 1620 eam
1198 1570 1283 1638 urgot

110 1664 240 1738 quotidie
254 1681 352 1724 orare:
369 1665 494 1724 Remitte
508 1666 590 1724 nobis
606 1664 701 1725 debita
716 1671 824 1724 nostra.
854 1666 893 1724 Et
907 1665 961 1724 hoc
970 1665 1034 1724 loco
1048 1666 1139 1724 multa
1154 1668 1230 1727 seria
1244 1668 1281 1728 de

109 1771 234 1830 adversa
248 1771 368 1829 emlesia
378 1769 458 1829 dixit.
483 1770 566 1842 Quod
580 1777 675 1830 autem
691 1771 732 1829 ait
747 1770 893 1829 dominus:
920 1769 985 1828 «Ob
1000 1770 1128 1844 verbum,
1144 1772 1223 1846 quod
1237 1771 1279 1831 lo·

110 1881 216 1950 quutns
233 1891 296 1934 sum
311 1874 422 1950 vobis»
440 1877 598 1936 notandum
608 1876 674 1934 hinc
686 1880 738 1949 est,
755 1875 833 1949 qnod
849 1876 958 1949 puritas
968 1891 1026 1934 non
1039 1875 1157 1949 anobis,
1174 1877 1223 1949 qui
1236 1876 1280 1936 in·

111 1987 155 2041 tus
176 1985 208 2038 et
228 1980 259 2039 in
282 1986 347 2039 cute
361 1981 438 2040 vitiis
453 1980 608 2054 affluimus,
631 1980 683 2039 sed
697 1997 715 2038 a
730 1982 780 2040 niti
803 1981 853 2039 illa
867 1998 936 2040 uera
952 1982 1034 2040 nobis
1049 1981 1204 2054 contingat.
1242 1980 1282 2041 Et

109 2091 228 2160 propter
242 2085 362 2145 verbnm
376 2087 482 2160 iuquit,
505 2086 582 2160 quod
597 2085 733 2159 audistis,
759 2086 867 2144 scilicet
882 2104 900 2145 a
914 2102 972 2161 me,
997 2101 1055 2143 non
1070 2084 1107 2144 ob
1122 2085 1279 2158 quodlibet,

110 2191 217 2263 inquit,
240 2190 359 2250 verbum
380 2191 502 2265 domini,
527 2191 612 2264 idque
633 2190 761 2261 unicum,
786 2208 845 2250 non
867 2190 996 2263 judaicas
1019 2185 1198 2264 traditiones,
1222 2205 1280 2250 nou

110 2295 509 2385 mahometicasffisanctioues,
536 2312 593 2355 non
616 2294 783 2354 Judaeorum
806 2296 936 2370 Talmut,
953 2296 1091 2354 turcicum
1106 2294 1280 2354 Alcorauum

111 2401 155 2459 vel
169 2398 318 2475 pontificia
338 2401 456 2461 decreta
471 2408 525 2460 etc.
565 2400 679 2459 Docens
701 2416 785 2472 quam
807 2399 879 2459 nihil
893 2407 975 2458 extra
990 2405 1020 2458 et
1034 2405 1141 2474 praeter
1163 2398 1280 2458 uerbum

112 2505 155 2564 dei
174 2507 206 2564 in
221 2506 362 2579 religione
376 2508 433 2564 vim
447 2507 566 2580 habeat,
588 2506 625 2566 ob
642 2507 738 2566 oeulos
758 2521 865 2579 ponens
881 2505 983 2563 harum
998 2520 1095 2562 rerum
1110 2504 1280 2562 antithesin!

111 2611 179 2670 Item
194 2611 231 2670 de
245 2627 301 2670 usu
315 2617 556 2671 sacramentorum
573 2619 602 2670 et
618 2610 654 2669 de
669 2611 713 2682 iis,
730 2626 793 2682 quae
809 2611 870 2666 sine
886 2609 974 2667 verbo
986 2625 1037 2682 per
1053 2608 1181 2681 papistes
1196 2584 1280 2681 liunt,

112 2715 181 2773 deut
195 2717 293 2775 unctio
309 2721 437 2776 extrema
452 2720 481 2776 et
494 2715 540 2774 his
555 2717 667 2788 similia,
683 2731 755 2789 opus
765 2719 913 2787 operatum
929 2719 958 2771 et
969 2711 1166 2786 papicolarnm
1180 2711 1281 2771 missas

64 2874 66 2883 ,
111 2819 252 2892 rejiciens.
285 2819 381 2879 Multa
395 2837 432 2879 ex
445 2821 599 2895 Augustini
614 2821 728 2893 scriptis
743 2817 899 2890 adducens,
924 2834 959 2875 ex
975 2818 1077 2890 quibus
1093 2815 1281 2876 confirmabat

64 2898 69 2923 Ι
113 2925 227 2984 uerbum
242 2940 301 2985 non
316 2909 459 2985 mortuum
479 2943 579 2985 sonum
599 2921 679 2983 illum
701 2925 730 2981 in
745 2939 829 2982 aures
844 2928 1043 2997 penetrantem
1059 2927 1087 2979 et
1101 2923 1278 2996 tinnientem,

112 3030 159 3089 sed
173 3032 294 3092 verbum
307 3029 365 3091 fide
379 3033 588 3107 apprehensum
612 3039 641 3090 et
655 3045 728 3106 puro
745 3027 830 3087 corde
855 3033 1053 3085 conservatum
1068 3044 1120 3085 nos
1141 3027 1179 3088 ad
1195 3026 1277 3087 Chri·

112 3135 182 3195 atum
196 3136 367 3213 perducere.
390 3136 483 3195 Movit
496 3137 564 3195 item
580 3138 779 3209 questionem,
801 3134 877 3207 quod
899 3151 956 3191 non
979 3150 1076 3191 omnes
1098 3133 1179 3191 verbi
1194 3134 1276 3193 audi·

113 3246 185 3301 tores
200 3241 300 3300 mundi
314 3240 517 3315 redderentur,
535 3249 564 3300 et
578 3243 707 3315 exemplo
724 3240 807 3300 Judae
823 3241 952 3299 Icariotis
968 3239 1041 3297 hanc
1056 3240 1196 3298 rationem
1210 3236 1276 3299 rod·

114 3346 195 3421 dens,
220 3346 299 3420 quod
317 3347 409 3406 Judas
432 3363 577 3420 nmquam
600 3364 635 3405 ex
650 3348 743 3405 auimo
759 3346 854 3405 verbis
870 3344 976 3413 Christi
991 3343 1168 3403 adhaesisset.
1207 3342 1276 3402 Per‘·

115 3453 251 3526 stringens
266 3439 381 3525 quoque
397 3454 459 3524 ejus
474 3451 576 3512 farinae
592 3453 748 3523 auditores,
768 3452 896 3524 allegans
913 3451 1019 3508 dictum
1026 3450 1195 3522 Augustini:
1211 3449 1278 3510 Non

100 3573 163 3630 ¹uox
176 3558 331 3631 transiens,
349 3557 400 3615 sed
415 3558 521 3616 veritas
537 3573 686 3615 remanens
702 3565 755 3616 etc.
781 3556 862 3628 Quod
877 3572 934 3613 non
949 3554 1067 3612 verbum
1084 3556 1213 3614 auditum
1228 3552 1278 3614 sod

114 3663 226 3722 uerbum
242 3661 383 3722 creditum
406 3663 467 3736 ejus
483 3680 567 3735 quam
584 3663 696 3723 dixerat
711 3663 835 3734 energiae
851 3662 900 3733 sit,
924 3661 999 3716 inter·
1014 3659 1126 3730 reliqua
1142 3659 1279 3734 graphice

79 3794 102 3841 ,-
113 3770 256 3844 emphasin
269 3770 379 3849 noemae
393 3768 511 3828 «vobis»
526 3769 572 3827 hic
583 3770 722 3842 appositae
735 3766 878 3839 explicuit.
903 3765 970 3823 an
986 3766 1061 3821 enim
1077 3763 1154 3835 quod
1169 3764 1277 3836 angelis

79 3846 83 3859 Ι
113 3873 247 3948 velleris,
263 3873 316 3933 sed
331 3875 409 3946 quod
424 3873 505 3933 vobis
520 3873 708 3947 praedicatur,
733 3873 812 3931 vobis
828 3873 858 3929 in
873 3869 1032 3944 profectum
1047 3868 1131 3927 cedit.
1156 3867 1277 3926 Monens

79 4000 82 4059 ῃ
110 3975 161 4054 hic,
178 3995 265 4052 qnam
279 3994 338 4037 non
354 3978 531 4037 conducibile
554 3979 591 4036 sit
608 3978 639 4034 in
654 3979 809 4050 peregriua
824 3979 921 4049 lingua
942 3991 1006 4032 cum
1021 3972 1219 4046 ignorantibus
1233 3972 1275 4032 lo·

113 4087 166 4160 qui,
191 4086 355 4158 praesertim
371 4083 447 4157 qnod
460 4084 543 4155 juxta
558 4082 678 4143 Paulum
695 4083 789 4140 omnia
804 4083 833 4139 in
848 4080 969 4154 proximi
985 4075 1200 4136 aedificationem
1215 4076 1277 4138 fieri
