2678 4546
681 29 737 85 32*

120 211 216 267 tentus
236 206 303 279 fuit;
327 207 416 265 multa
431 219 494 263 cum
515 202 570 262 hoc
589 202 703 261 homine
723 200 829 274 optimo
850 204 879 261 et
898 197 1133 275 persuasionibus
1153 207 1184 261 et
1205 201 1287 260 minis

121 328 172 372 uec
187 329 244 371 non
259 317 289 370 ct
303 310 555 386 pollicitationibus
570 322 710 383 peragere
725 306 865 380 papistica
885 323 954 380 gens
973 305 1121 380 cupiebat,
1145 305 1199 365 sed
1220 305 1289 365 nihil

121 423 171 478 aut
186 434 286 492 pamm
302 415 432 475 effectum
447 399 499 490 est,
515 415 582 473 licet
596 412 693 486 Logus
709 417 738 471 et
746 412 872 472 Mustela
882 411 971 471 multa
981 389 1140 486 gloriantes
1150 412 1288 492 garrient

209 523 357 582 Masculus
379 523 462 581 annis
475 520 543 594 xviij
558 520 696 594 Augustae
717 522 747 578 in
766 518 854 578 verbo
870 509 987 577 Domini
1009 515 1134 592 prefuit.
1169 518 1290 578 Liberos

121 628 208 688 habet
223 635 286 687 octo
302 633 355 686 etc.
383 626 488 696 Libros
503 627 639 699 Zenonis,
656 625 796 697 Socratis,
813 623 956 698 Pamphili
970 623 1105 696 martyris
1121 629 1152 683 et
1166 622 1288 681 aliorum

121 735 240 806 triginta
255 735 379 807 quinque
401 749 437 791 ex
451 748 546 806 gruem
566 714 597 790 in
616 731 736 791 latinum
755 730 916 802 transtulit,
940 744 1061 802 quorum
1081 727 1197 801 aliquot
1217 728 1288 787 Her·

122 840 221 912 vegius
238 840 361 914 excudit,
378 839 428 897 alii
443 839 537 898 adhuc
552 837 628 911 apud
643 836 793 895 authorem
808 835 933 895 latitant.
979 835 981 838 ’

209 946 336 1018 Fuggeri
352 948 476 1017 quatuor
490 942 666 1014 Anthonius,
686 941 815 1000 Joanues
835 942 975 1016 Jacobus,
999 941 1128 1000 ioannes
1149 937 1288 1012 Georgius

122 1056 151 1110 et
159 1051 351 1122 Hieronymus
357 1050 419 1109 rita
434 1049 563 1107 excessit.
575 1043 583 1080 ¹
600 1047 665 1106 iam
676 1063 727 1119 per
740 1065 830 1109 annos
843 1049 953 1121 aliquot
963 1047 1092 1121 locuples
1104 1046 1222 1106 habitus
1234 1060 1287 1104 non

123 1159 174 1229 est,
192 1156 240 1228 qui
255 1155 405 1226 sexaginta
420 1158 470 1212 aut
485 1153 649 1227 octuaginta
663 1152 742 1211 milia
756 1152 872 1211 uumdm
888 1168 946 1211 non
962 1152 1122 1212 excederet.

211 1261 337 1319 Joaunes
352 1258 488 1332 Agricola
507 1259 544 1317 ab
563 1258 699 1318 Eisleben
718 1258 765 1316 hic
784 1257 932 1317 Joachimo
952 1257 1070 1318 electori
1090 1254 1286 1317 brandenbur-

124 1366 203 1438 gensi
219 1381 236 1423 a
252 1364 432 1423 concionibus
448 1369 491 1423 est
506 1364 604 1423 sacris.
1259 1345 1263 1350 ¹

212 1471 288 1530 Villa
304 1476 333 1530 et
346 1469 486 1529 habitatio
503 1468 631 1529 Schertel
645 1468 829 1528 Burteuhach
844 1485 902 1529 nou
917 1469 1016 1544 procul
1031 1469 1069 1528 ab
1087 1467 1222 1542 Augusta
1241 1472 1286 1538 cst,

125 1593 209 1650 quam
224 1576 385 1650 Augustani
401 1592 453 1649 pro
468 1574 662 1648 quadraginta
675 1572 801 1633 millibus
816 1575 932 1635 numum
947 1575 1060 1648 abipso
1081 1590 1113 1634 se
1134 1589 1233 1635 emere
1251 1571 1287 1630 illi

124 1684 328 1757 promiserunt.

212 1790 359 1863 Hispanus
373 1788 525 1848 Babadilla
539 1787 607 1845 dum
621 1788 751 1847 Musonio
764 1768 888 1861 ”diceret
911 1788 966 1848 sibi
980 1803 999 1845 a
1018 1783 1207 1846 Fordinandu
1225 1799 1288 1858 rege

127 1896 329 1968 exprobratum
343 1894 419 1969 quod
427 1894 611 1954 Lutherauus
624 1894 838 1954 concionatores
850 1892 953 1966 adiret,
967 1907 1001 1951 ac
1010 1891 1089 1950 illum
1100 1891 1288 1965 respondisse,

129 1999 205 2071 Quid
220 2007 316 2058 vestra
331 2000 464 2074 majestas
486 2017 550 2059 cum
570 1998 743 2059 Lutheranis
763 1995 937 2072 principibus
956 1997 1109 2070 Mauritio,
1131 1997 1290 2056 marchione

127 2110 156 2162 et
174 2104 237 2162 aliis
256 2104 436 2164 familiariter
456 2105 596 2178 loquitur,
620 2106 737 2179 insuper
756 2089 881 2165 comedit
901 2108 929 2163 et
944 2100 1067 2176 potitat'f
1090 2100 1128 2161 D.
1145 2100 1290 2161 Musculus

126 2207 202 2268 infit:
226 2210 287 2268 Scis
299 2210 376 2282 quod
390 2217 419 2270 te
434 2226 581 2282 nunquam
595 2211 768 2282 vocaverim3
785 2211 826 2269 ita
841 2213 871 2268 te
885 2225 938 2268 nec
952 2208 1036 2268 domo
1052 2207 1196 2268 excedere
1212 2208 1292 2269 etiam

124 2316 210 2386 iussi3
236 2316 315 2374 venis
331 2331 394 2374 cum
409 2314 462 2375 tihi
478 2315 594 2375 libuerit
614 2320 643 2373 et
663 2314 725 2374 abis
744 2314 793 2374 ubi
814 2314 963 2389 placuerit.
1005 2314 1036 2374 si
1057 2314 1151 2373 honus
1171 2311 1291 2384 intrasti,

126 2419 216 2479 bonus
232 2421 331 2496 exibis,
348 2437 412 2482 mea
427 2420 498 2479 nihil
513 2418 611 2480 refert.

216 2529 297 2586 Vitus
313 2528 482 2589 Theodoms
498 2526 534 2587 ad
550 2528 711 2588 Musculum
728 2530 895 2603 perscripsit
909 2529 984 2587 iuter
998 2526 1136 2587 tridrmm.
1161 2525 1255 2585 Adest
1267 2528 1293 2582 ct

127 2635 220 2693 Julius
235 2633 327 2708 Pflug.

216 2739 413 2798 Acciditintru
424 2741 477 2798 hos
493 2741 563 2813 dies,
578 2748 611 2799 ut
625 2741 681 2800 duo
696 2738 807 2816 pedites
823 2739 948 2814 ingluvie
964 2743 996 2797 et
1006 2752 1086 2796 mero
1102 2736 1224 2798 distenti
1238 2750 1292 2796 sur·

129 2843 276 2901 buiacmm
292 2849 359 2903 unte
374 2846 544 2904 dominicum
560 2845 732 2918 transirent,
756 2850 785 2904 et
799 2845 874 2903 alter
889 2849 1041 2917 conspecta
1060 2841 1156 2916 effigie
1178 2841 1293 2903 ioannis

130 2949 270 3007 Friderici
286 2951 416 3008 electoris
432 2953 462 3009 in
477 2952 652 3024 cicatricem,
676 2965 761 3023 quam
776 2951 805 3007 in
820 2950 938 3009 sinistra
952 2949 1069 3008 maxilla
1084 2945 1155 3022 fert,
1180 2946 1293 3008 futiliter

130 3052 324 3129 deblaterans,
346 3072 409 3115 curu
429 3057 466 3115 ab
487 3057 578 3116 altero
593 3056 656 3115 haec
670 3053 759 3115 verba
773 3052 915 3113 facessere
928 3055 1093 3128 Juberetur,
1116 3070 1186 3112 mox
1202 3051 1290 3126 evam·

130 3166 198 3218 nato
219 3161 315 3233 gladio
338 3166 561 3237 compotatorem
581 3176 663 3220 suum
684 3161 808 3233 invadit,
833 3160 882 3233 qui
905 3161 1014 3234 etipse
1036 3159 1108 3218 adeo
1131 3158 1293 3219 strenneet

130 3264 261 3324 electoris
277 3265 414 3327 honorem
428 3273 458 3327 et
471 3268 617 3341 proprium
633 3282 736 3341 eorpus
753 3265 895 3339 defendit,
919 3273 951 3325 ut
966 3264 1140 3325 conviciator
1155 3265 1206 3324 ille
1227 3263 1290 3322 elec

130 3370 200 3427 toria
216 3372 353 3430 exanimis
368 3374 398 3431 in
413 3378 518 3432 terram
535 3372 709 3445 concideret,
727 3371 858 3445 quivero
874 3387 937 3430 eum
953 3377 1151 3447 percusserat,
1167 3369 1239 3446 fuga
1252 3382 1289 3428 sar

132 3472 183 3531 luti
203 3491 262 3533 suas
286 3479 436 3536 consuluit.

219 3580 321 3638 Petrus
335 3581 483 3642 Barhirius
499 3582 565 3642 dum
579 3599 620 3641 aes
635 3583 760 3642 alienum
780 3588 831 3641 aut
845 3583 970 3643 debitum
986 3600 1004 3642 a
1020 3599 1089 3658 rege
1102 3579 1287 3650 Ferdinmda
1303 3600 1329 3649 ,⁴

131 3685 208 3758 quod
223 3701 254 3743 se
269 3684 304 3744 ad
320 3686 463 3759 myriades
478 3689 587 3762 ahquot
602 3689 666 3747 auri
681 3688 820 3762 extendit,
841 3691 959 3763 repetit,
983 3688 1168 3748 Lutherauus
1187 3694 1217 3750 et
1235 3646 1328 3777 esst}

130 3797 281 3849 umusatur
302 3797 331 3851 et
351 3800 444 3851 castro
464 3809 516 3852 suo
537 3795 661 3852 exuitur.
692 3795 774 3852 Hauc
794 3794 871 3866 quod
895 3793 980 3868 longo
1000 3799 1129 3866 tempore
1150 3786 1331 3867 austrinas!

130 3896 225 3954 domui
240 3898 402 3956 inservierit
416 3899 574 3958 mercedem
589 3905 741 3975 reportans
761 3915 836 3958 nunc
854 3900 936 3959 aulas
956 3899 1089 3960 deridens
1108 3915 1221 3959 summo
1239 3894 1286 3955 liv

131 4001 206 4059 mino
222 4004 319 4062 seruit.

706 4091 721 4126 a

207 4179 217 4223 1
238 4173 328 4227 Ldoke
346 4191 399 4229 ron
417 4176 470 4228 fast
488 4175 561 4228 einer
578 4174 656 4232 seila.
