2678 4546
696 39 741 76 ⁰4

213 196 349 271 suggeri,
365 193 575 268 Banmgarteri,
589 193 775 269 Herbroteri,
799 192 898 255 Goslei
912 199 943 255 et
957 193 1102 270 quidquid
1114 194 1222 257 harum
1236 196 1296 257 bor·

126 304 241 376 piarum
256 305 310 376 est,
327 316 393 360 suos
408 304 564 374 proventus
579 298 611 360 in
624 300 670 358 his
685 301 806 361 comitiis
821 300 965 375 adaugere
982 301 1129 361 dicuntur.

216 407 340 466 Domine
354 406 435 466 Deus
450 411 480 466 01
494 421 555 480 rex,
572 405 602 463 iu
618 407 698 478 cujus
713 422 799 465 manu
814 405 901 466 corda
916 406 1043 466 omnium
1059 413 1129 467 sunt
1143 407 1297 482 viventium,

129 513 178 586 qui
192 511 279 571 hodie
293 512 363 570 mihi
377 513 407 570 in
423 517 576 585 conspectu
590 511 618 570 N
637 516 667 570 et
686 511 716 571 N
736 511 860 585 gratiam
871 512 1010 572 inuenire
1030 512 1158 588 dedisti,
1183 515 1234 586 qui
1251 528 1297 572 non

128 615 278 677 contundis
293 615 380 676 facies
396 616 449 676 tibi
464 633 495 675 se
510 618 751 691 permittentium,
774 617 880 674 inclina
896 632 945 676 cor
960 633 1062 691 regum
1078 622 1110 676 ct
1129 618 1238 679 habeto
1256 634 1296 678 ou·

129 739 193 781 ram
208 724 307 782 nostri.
331 723 366 781 ld
379 729 409 782 te
426 722 565 797 deprecor
581 739 634 796 per
649 723 749 782 iesum
765 719 911 781 christun
926 720 1072 781 dominum
1087 727 1238 799 nostrum,
1258 724 1298 796 qni

129 834 222 888 tecum
238 830 308 889 vivit
322 835 352 888 01
365 834 470 904 regnat
485 831 515 888 iu
529 830 641 890 unitate
657 827 776 901 spiritus
792 827 820 886 S.
833 826 913 887 Deus
927 841 980 899 per
996 827 1095 887 omnia
1110 829 1213 890 secula
1225 844 1295 890 secu·

130 935 231 995 lorum.
255 934 357 993 Amen.
956 948 961 953 ·

217 1041 391 1099 Benedictus
406 1037 495 1110 Deus,
518 1037 568 1109 qui
582 1037 721 1097 mirabilis
736 1044 781 1098 est
794 1039 825 1097 iu
840 1039 946 1099 sanctis
967 1029 1041 1098 suis.
1069 1038 1151 1099 Nam
1174 1054 1247 1113 qnos
1262 1038 1298 1098 ri·

130 1145 308 1217 deturjuxtu
323 1147 437 1202 nostros
453 1142 549 1200 oculos
565 1142 713 1216 abjecisse,
728 1142 782 1202 hos
798 1143 901 1218 evehit,
919 1159 991 1216 quos
1006 1143 1038 1203 in
1051 1144 1144 1204 altum
1160 1144 1298 1216 extulisse,

130 1251 182 1309 hos
196 1254 292 1307 mente
308 1247 403 1307 cordis
418 1249 462 1306 sni
479 1247 627 1322 disperdit,
642 1253 675 1306 ut
688 1247 787 1308 videre
803 1253 856 1308 est.
881 1250 928 1310 Sic
940 1248 1045 1308 Daniel
1059 1247 1198 1322 abjectus
1213 1254 1242 1311 et
1253 1250 1297 1308 hn-

130 1355 205 1412 milis
219 1355 464 1427 Jerosolymorum
479 1354 549 1413 civis
564 1353 672 1427 primos
686 1355 810 1414 honores
826 1355 893 1414 exul
908 1360 937 1414 01
951 1354 1093 1416 abductus
1109 1355 1192 1430 apud
1206 1358 1297 1430 poten·

130 1459 270 1518 tissimum
283 1458 451 1532 Babyloniae
466 1475 564 1532 regem
579 1460 774 1532 consequitur.
800 1459 846 1519 Sic
861 1460 971 1534 Joseph
985 1477 1004 1520 a
1017 1458 1160 1520 fratribus
1175 1459 1299 1521 vendor

131 1565 238 1639 etipse
252 1570 353 1637 captus
369 1570 398 1624 et
417 1564 448 1622 in
467 1579 583 1623 carcere
602 1566 755 1639 primatum
774 1565 834 1638 agit
853 1571 882 1624 et
900 1564 1041 1626 secundus
1061 1562 1095 1624 fit
1111 1568 1182 1640 poet
1199 1580 1297 1641 regem

131 1670 179 1730 Sic
188 1670 315 1730 loannes
325 1669 491 1729 Fridericus
504 1674 534 1728 et
548 1669 702 1729 ditionibus
718 1670 848 1730 omnibus
863 1674 966 1730 exutus
981 1674 1011 1729 et
1024 1671 1055 1729 in
1071 1670 1208 1731 custodis
1221 1671 1298 1731 onan

130 1776 168 1836 ab
182 1777 312 1838 hostibus
327 1776 424 1850 magni
438 1773 472 1835 fit
487 1781 516 1835 et
530 1792 548 1835 a
563 1779 647 1849 geute
663 1775 826 1848 alienigena
841 1779 871 1835 et
886 1776 998 1835 exotica
1012 1775 1087 1835 bene
1101 1775 1201 1850 audit,
1221 1774 1297 1835 ssu·

131 1883 215 1941 ritius
230 1883 279 1945 ille
295 1887 323 1941 et
338 1881 375 1941 ab
390 1882 496 1941 exteris
512 1880 675 1940 nationibus
691 1886 719 1939 et
734 1895 752 1938 a
773 1879 935 1939 Germanias
954 1880 1096 1954 indigenis
1116 1880 1196 1941 male
1216 1880 1296 1952 audit

131 1984 206 2045 forte
220 2002 296 2044 nunc
311 2002 482 2061 agnoscens,
507 1990 616 2060 quanta
636 1983 788 2045 infelicitas
809 1987 847 2045 sit
862 1987 947 2058 Juxta
965 1984 1196 2045 Maohabeornm
1217 1986 1297 2047 libros
1337 1963 1339 2056 1

131 2106 286 2164 prosperos
302 2106 371 2165 erga
385 2097 521 2165 cognatos
536 2090 643 2149 habere
657 2105 818 2165 successus,
835 2107 871 2150 ne
885 2091 1002 2149 interim
1017 2089 1121 2149 animis
1137 2091 1233 2166 ipsius
1245 2091 1295 2150 As·
1335 2063 1339 2136 1

132 2197 208 2269 gusti
219 2194 369 2255 Octaviani
381 2194 472 2255 dicto:
488 2194 684 2255 Proditionem
694 2210 768 2270 amo,
784 2195 962 2269 proditorem
977 2196 1100 2270 nonita,
1116 2195 1296 2270 percelletur.

221 2317 279 2360 xxv
296 2299 419 2375 Aprilis,
451 2315 514 2373 quae
534 2300 627 2359 Marci
651 2301 845 2375 Evangelistoa
870 2317 953 2360 sacra
975 2305 1038 2360 erat
1058 2300 1120 2360 dies
1144 2302 1177 2360 in
1199 2300 1298 2376 templo
1332 2272 1339 2356 ,1

132 2406 277 2465 Minorum
289 2421 449 2467 sermonem
461 2403 561 2466 audire
570 2405 743 2480 volebamus,
759 2422 858 2464 verum
867 2407 891 2464 is
906 2411 973 2465 ante
988 2410 1099 2464 sextam
1113 2403 1218 2466 finitus
1232 2408 1298 2478 ersi,
1331 2376 1339 2452 1

132 2529 221 2588 qnare
235 2514 273 2576 ad
288 2513 325 2573 D.
341 2512 472 2572 Mauritii
486 2511 576 2572 aedem
595 2528 649 2572 nos
668 2511 853 2584 contulimus,
876 2509 916 2568 ibi
936 2510 972 2570 D.
993 2509 1160 2570 Musonium
1182 2527 1220 2571 ex
1241 2526 1298 2585 cap.
1330 2540 1338 2595 j„

135 2623 174 2678 14
197 2620 318 2679 Joaunis
337 2619 400 2677 haec
413 2618 502 2678 verbu
518 2617 622 2677 Christi
637 2618 758 2677 scilicet:
784 2616 875 2674 «Haec
887 2615 999 2674 locutus
1016 2631 1079 2674 snm
1099 2613 1201 2690 vobis,
1227 2611 1299 2691 apud
1334 2648 1337 2653 -

132 2736 183 2780 uos
197 2736 331 2796 manens,
356 2723 518 2795 paracletus
534 2728 629 2781 autem
644 2722 707 2796 ille,
730 2722 779 2795 qui
794 2726 838 2780 est
853 2720 977 2793 Spiritus
993 2721 1021 2781 S.
1038 2735 1124 2794 quem
1144 2716 1299 2798 (spiritum)

132 2826 227 2885 mittet
240 2831 324 2899 pater
337 2827 452 2885 nomine
466 2842 540 2899 meo,
555 2827 604 2885 ille
618 2843 669 2886 vos
685 2825 800 2886 docebit
813 2827 908 2886 omnia
923 2832 953 2885 et
967 2824 1197 2900 suggeretvobis
1209 2824 1300 2885 onnia

131 2946 307 3007 quacunque
324 2930 383 2990 dixi
398 2930 498 2990 vobis»
515 2930 658 3004 legentem
673 2936 703 2991 01
717 2937 912 3006 exponentem
927 2931 1095 2991 audivimus.
1126 2930 1238 2993 Docuit
1249 2928 1298 3005 igi·

132 3040 179 3093 tur
189 3035 266 3095 iutor
277 3043 390 3111 caetera,
407 3036 471 3109 quis
487 3041 563 3095 esset
576 3036 624 3096 ille
640 3037 756 3109 spiritus
771 3035 901 3096 veritatis
916 3040 946 3096 01
961 3037 1093 3110 quisnam
1108 3036 1133 3096 is
1148 3040 1237 3112 esset,
1252 3033 1298 3109 qui

131 3156 195 3200 emn
209 3141 268 3201 dat.
292 3143 363 3201 Item
378 3140 456 3215 quod
471 3141 704 3201 exercitationem
720 3142 852 3202 doctrina
866 3142 1030 3215 praecedere
1041 3140 1157 3216 debeat,
1174 3146 1206 3201 et
1223 3138 1298 3215 prius

132 3247 242 3306 discere
257 3263 343 3320 quom
359 3248 433 3305 scire
447 3247 607 3305 conueniat.
630 3246 750 3306 Nullum
765 3247 841 3304 enim
856 3244 981 3306 officium
995 3247 1042 3307 vel
1056 3251 1149 3306 artem
1168 3260 1296 3306 necessa·

131 3350 203 3408 riam
219 3367 353 3411 exercere
368 3354 489 3427 poterit,
506 3354 555 3426 qni
571 3369 629 3411 nou
644 3353 724 3426 prius
740 3351 888 3425 abaliquo
903 3353 1058 3411 instructus
1074 3365 1138 3409 earn
1152 3351 1244 3426 probo
1257 3348 1296 3408 di·

132 3453 241 3514 dicerit.
275 3456 347 3515 Item
362 3456 505 3516 Christum
520 3456 557 3516 D.
574 3457 712 3530 apostolis
727 3458 785 3516 suis
805 3458 835 3515 in
856 3460 990 3529 quamam
1009 3471 1101 3528 usque
1123 3472 1233 3516 annum
1252 3466 1295 3513 oro

131 3574 183 3617 suo
198 3567 381 3621 sacrosancto
396 3564 595 3622 concionatum
611 3578 686 3637 esse,
711 3578 764 3621 nec
778 3566 875 3621 tamen
891 3577 940 3620 eos
956 3578 992 3620 ex
1006 3576 1094 3620 carne
1109 3565 1140 3620 et
1161 3560 1295 3636 sanguim

127 3665 202 3724 huno
217 3663 340 3725 fructum
356 3668 510 3727 salutarem
525 3673 728 3741 consequutus,
754 3668 823 3741 quin
843 3666 898 3726 hoc
918 3666 1021 3741 spiritu
1041 3666 1192 3740 paracleto
1213 3662 1294 3727 cord}

128 3785 227 3829 sorum
242 3772 425 3845 operirentur
441 3777 470 3830 01
484 3769 521 3830 ab
536 3772 586 3831 illo
601 3772 781 3831 docerentur.
811 3773 884 3831 item
899 3771 969 3829 nihil
989 3769 1085 3830 iecere
1106 3769 1145 3830 ad
1161 3771 1292 3841 salutem,

129 3877 218 3936 multo
233 3885 362 3951 tempore
376 3875 495 3936 verbum
515 3875 671 3951 audiuisse,
695 3878 726 3935 ui
745 3876 862 3951 spiritus
886 3892 1000 3949 quoque
1019 3877 1096 3935 intus
1116 3881 1292 3951 cooperetur·
1320 3924 1323 3929 .

131 3978 202 4038 Item
217 3999 302 4055 quum
325 3985 412 4042 eiiam
432 3981 469 4040 D.
490 3981 659 4053 Hieronymi
673 3987 764 4057 ,001010
786 3980 905 4040 ecclesia
926 3981 962 4041 ab
983 3981 1038 4040 hoc
1059 3981 1163 4055 spiritu
1184 3981 1292 4042 dorum
1315 4018 1336 4057 Ι...

128 4087 261 4160 cooperit,
277 4088 424 4150 evidenter
439 4104 476 4148 ex
490 4085 585 4148 verbis
604 4087 693 4160 ipsius
700 4085 868 4160 Hieronymi
883 4085 914 4146 in
929 4086 1097 4163 epistolaad
1106 4086 1292 4163 reposans·
