2678 4546
682 47 748 113 114

128 234 244 306 explere
264 232 370 306 possit,
392 236 436 304 tc,
459 230 661 303 benignissime
682 235 776 304 pater,
799 237 832 289 nt
851 230 920 289 milri
942 230 1048 290 misero
1067 232 1099 288 et
1117 229 1301 304 eomplicibus

128 340 199 396 meis
220 337 353 411 spiritum
371 336 451 394 illum
468 343 549 394 tuum
569 335 765 410 principalem,
788 352 843 411 pro
865 353 923 411 quo
943 336 981 394 ad
1001 343 1032 395 te
1046 335 1138 393 tanus
1152 335 1301 409 gemitibus

127 442 225 502 David
246 443 380 502 clamarit
400 449 429 501 et
450 441 585 500 Salomon
606 438 682 498 tibus
705 443 767 522 ejus
789 444 891 516 oravit,
914 446 948 500 ut
967 443 1076 516 possim
1095 456 1184 499 verus
1202 442 1300 515 patr-ia

128 555 221 622 pater,
237 554 385 622 protector
398 548 452 606 tibi
465 547 635 620 placitorum
657 552 687 604 et
706 548 811 606 uindex
830 548 970 607 malorum
987 547 1123 620 existere,
1146 552 1237 620 utque
1251 563 1300 621 ego

128 659 159 712 et
180 670 252 727 quos
274 653 343 711 mihi
365 651 518 711 subdidisti
539 653 680 724 possimus
703 653 733 711 in
760 652 925 711 obedientia
950 657 1003 712 tua
1023 657 1053 710 et
1075 651 1168 711 serbo
1188 650 1242 711 filii
1262 652 1300 710 tui

128 759 271 818 benedicfi
292 761 402 832 vivere,
426 774 483 831 quo
503 758 626 816 numinis
646 759 691 815 tui
709 759 884 817 sacrosancti
904 758 1011 833 gloria,
1033 757 1216 817 subditorum
1237 773 1298 832 pro

128 864 228 938 lectus,
252 880 316 922 mea
338 867 367 922 ct
388 864 486 922 uxoris
506 868 536 937 et
553 861 662 938 filiolae,
687 880 772 937 quam
792 863 905 936 dedisti,
930 867 960 922 et
978 861 1151 938 liberorum,
1176 879 1249 938 quos
1267 862 1298 921 de

127 973 257 1032 bonitate
270 975 322 1028 tua
341 969 451 1028 donare
470 971 547 1043 potis
567 983 608 1043 es,
631 969 709 1027 salus
730 969 796 1027 hinc
816 970 938 1042 eveniat,
962 969 1119 1028 clementer
1138 968 1241 1043 largiri
1261 968 1298 1027 di·

128 1078 226 1150 gneris
240 1075 387 1149 deprecor.
418 1074 510 1145 quue
525 1079 564 1147 te,
587 1079 672 1147 pater
691 1074 825 1146 coelestis,
848 1091 902 1149 per
922 1091 987 1134 eum
1007 1089 1089 1148 rogo,
1112 1075 1161 1132 cui
1179 1080 1298 1148 potesta·

128 1189 186 1240 tem
201 1184 232 1239 in
247 1181 320 1240 coelo
340 1185 370 1237 et
388 1180 419 1237 iu
437 1184 517 1237 terra
535 1179 744 1253 contradidisti,
767 1178 912 1239 dominum
931 1186 961 1239 et
974 1179 1163 1240 liberatorem
1178 1187 1299 1240 nusum
1338 1207 1339 1214 ι

129 1287 229 1346 Jesum
250 1285 402 1358 Christum,
426 1299 490 1342 oum
511 1301 568 1358 quo
588 1284 640 1343 tibi
660 1289 691 1344 et
709 1302 732 1344 s.
749 1287 852 1358 spiritu
871 1286 997 1360 sitlans,
1019 1285 1112 1346 bonos
1128 1293 1160 1346 et
1171 1285 1299 1360 jubilatio

132 1395 162 1451 in
177 1397 356 1468 perpetuum.
386 1389 488 1448 Amen.
1152 1408 1156 1413 ·

219 1497 290 1555 Post
309 1496 473 1556 concionem
491 1496 618 1555 ioannes
637 1495 729 1556 frater
748 1503 778 1555 et
798 1512 861 1571 ego,
884 1497 964 1557 dubii
984 1494 1053 1572 quid
1072 1497 1104 1555 in
1119 1499 1239 1572 negotio
1252 1513 1298 1555 no

130 1609 190 1662 stru
206 1607 351 1676 ageretur,
375 1602 453 1677 qnod
467 1601 577 1676 aliquot
591 1601 700 1661 vicibus
715 1602 915 1662 Atrebatensis
929 1604 960 1662 in
976 1602 1184 1678 respondendo
1198 1601 1300 1676 amphi-

129 1709 245 1782 bologia
266 1709 401 1781 usussit,
425 1724 488 1766 cum
510 1713 606 1766 tamen
628 1725 675 1767 res
695 1709 875 1781 apertissima
893 1708 985 1781 tropis
1006 1723 1078 1781 opus
1097 1725 1159 1768 non
1178 1707 1300 1768 haberet

129 1815 228 1874 Visum
243 1819 340 1873 autem
355 1818 400 1872 est
414 1814 506 1885 nobis,
530 1818 562 1872 ut
576 1814 687 1887 Viglius
706 1815 917 1873 conveniretur.
949 1814 977 1872 Is
997 1813 1079 1873 nobis
1097 1812 1167 1873 beri
1185 1815 1301 1889 primum

129 1919 349 1979 atrebatensem
371 1923 499 1977 noemam
521 1923 551 1977 et
573 1919 645 1978 alias
671 1920 860 1994 privatorum,
884 1924 917 1977 ut
938 1920 995 1994 ipsi
1016 1920 1184 1995 nominant,
1207 1932 1301 1979 musas

130 2027 231 2084 caesari
249 2027 280 2083 in
299 2025 453 2098 praesentia
471 2024 558 2097 Viglii
579 2029 609 2082 et
626 2031 787 2084 ceterorum
807 2025 1035 2084 consiliariorum
1049 2041 1114 2084 cum
1129 2024 1301 2100 expositione

131 2135 161 2188 ct
176 2131 358 2189 excusatione
374 2130 550 2203 singulorum
565 2131 707 2204 retulisse,
723 2130 829 2203 ajebat.
861 2131 1005 2190 Habuisse
1020 2146 1136 2204 quoque
1151 2129 1300 2203 superbos

131 2236 289 2309 consilium,
313 2235 365 2294 sed
380 2236 507 2294 nundum
522 2251 656 2294 caesarem
671 2252 702 2294 se
717 2237 877 2296 resolvisse.
908 2235 959 2294 Ait
979 2252 1095 2310 quoque
1108 2220 1241 2297 nosmum
1255 2248 1299 2292 ne·

131 2341 243 2414 gocium
258 2341 288 2398 in
303 2341 347 2398 his
362 2339 527 2399 cardinibus
542 2342 661 2414 versari,
678 2342 757 2415 quod
771 2343 796 2401 si
810 2344 967 2416 imperator
982 2342 1219 2414 capitulationem
1232 2341 1299 2399 inter

131 2462 211 2505 suam
233 2447 412 2519 majestatem
433 2451 463 2505 et
482 2445 628 2505 cattorum
650 2447 816 2521 principem,
840 2451 979 2520 quantum
999 2463 1052 2506 nos
1072 2452 1239 2520 concernat,
1259 2457 1299 2503 ra-

131 2557 190 2611 tam
211 2552 317 2612 habere
340 2553 421 2625 uelit,
446 2568 498 2612 nos
520 2552 605 2610 eximi
626 2553 756 2625 imperio.
795 2552 845 2611 Sin
865 2556 960 2612 autem
983 2557 1074 2612 totam
1095 2548 1298 2626 reprobaverit

131 2658 311 2731 landtgravio
333 2659 365 2716 in
386 2658 566 2731 possessione
589 2675 641 2716 sua
664 2658 800 2732 injuriam
822 2655 895 2716 fieri.
936 2656 1006 2716 Cum
1025 2656 1161 2716 Eubulus
1186 2657 1298 2717 diceret:

132 2762 254 2821 Domine
275 2762 383 2835 doctor,
407 2769 551 2836 utcunque
571 2779 602 2820 se
622 2780 670 2822 res
691 2764 805 2837 habeat,
829 2768 926 2823 tamen
948 2763 1043 2822 vocati
1065 2779 1084 2822 a
1106 2760 1299 2822 commiserit

133 2883 265 2926 casareae
287 2868 444 2939 majestatis
465 2868 567 2926 iisdem
589 2868 781 2928 obedientiam
803 2871 996 2943 praestitimus.
1034 2869 1074 2927 Et
1096 2875 1193 2944 recte,
1217 2865 1297 2942 inquit

134 2972 254 3046 Viglius.
284 2972 360 3030 Nam
380 2972 435 3030 nisi
453 2972 484 3030 id
503 2989 521 3032 a
540 2973 621 3033 vobis
640 2974 745 3034 lactum
766 2975 877 3050 luisset,
898 2976 958 3048 jam
977 2975 1108 3045 maximis
1128 2976 1161 3034 in
1174 2971 1296 3049 periculis

135 3085 164 3138 et
178 3093 228 3137 vos
249 3084 279 3136 et
297 3094 345 3136 res
364 3083 467 3136 vestrm
487 3075 590 3139 forent.
622 3081 688 3154 Sed,
712 3081 814 3155 iuquit,
837 3081 918 3140 brevi
938 3082 1097 3155 imperator
1117 3079 1153 3138 de
1169 3077 1294 3154 eapitub·
1337 3143 1339 3166 4

133 3185 212 3243 tione
227 3189 257 3243 et
272 3183 335 3242 aliis
355 3184 482 3242 articmis
503 3201 534 3244 se
554 3185 733 3244 resoluturus
754 3193 805 3245 est.
836 3187 1034 3259 Interrogatus
1054 3189 1162 3259 autam,
1186 3178 1294 3244 nunti
1338 3187 1339 3190 ’

134 3289 294 3348 consultmn
314 3288 469 3363 videretur,
490 3290 577 3350 bodie
596 3292 673 3364 apud
692 3291 914 3351 atrebatensem
934 3291 1101 3366 sollicitare,
1125 3289 1242 3363 suadeo,
1259 3288 1294 3345 ls-

136 3394 207 3466 quit,
230 3393 284 3452 hoc
306 3393 353 3452 dic
375 3394 406 3452 id
426 3395 518 3469 ipsum
541 3397 700 3454 intermitti.
741 3397 808 3455 Non
830 3399 905 3456 euim
928 3403 987 3457 tam
1007 3398 1064 3456 cito
1087 3397 1228 3457 resolutio
1246 3389 1291 3460 Μ

136 3497 263 3557 indicans
279 3504 421 3573 praterea
435 3500 516 3558 breui
532 3501 627 3560 omnia
641 3501 773 3561 absoluta
790 3502 836 3561 iri.
1320 3519 1322 3522 ’

223 3605 310 3663 Venit
325 3604 444 3664 Carolus
459 3622 477 3664 a
492 3605 625 3665 Stockem
642 3607 741 3666 eadem
756 3605 817 3666 iere
836 3623 854 3667 a
874 3604 1040 3667 doctoribus
1060 3604 1163 3666 Hasen
1183 3611 1214 3666 et
1229 3598 1290 3663 ltu

135 3706 246 3781 quando
262 3725 293 3768 se
307 3711 452 3785 accepisse
466 3712 607 3785 iuquiens.

223 3815 378 3874 Mauritius
396 3815 502 3875 elector
517 3816 603 3875 hodie
619 3821 684 3889 post
698 3816 853 3876 secundam
869 3815 970 3888 nuens,
990 3815 1058 3875 licet
1072 3816 1180 3878 multos
1193 3822 1289 3889 ΜΨ

134 3925 179 3976 tes
199 3920 237 3978 ad
254 3921 430 3994 jentaculum
449 3921 608 3996 inuitasset,
632 3923 797 3995 surreptitia
818 3938 881 3980 curn
903 3922 1003 3996 paucis
1025 3921 1107 3998 abiit,
1131 3938 1197 3982 cum
1213 3926 1288 3981 tub!

137 4023 166 4079 in
181 4025 297 4084 multam
313 4026 387 4084 ‹liem
403 4027 489 4085 aulici
505 4034 534 4086 et
549 4028 677 4102 supellex
693 4027 835 4086 subsecuti
852 4029 917 4085 sint.

225 4129 334 4188 Eadem
349 4131 526 4192 Coloniensis
541 4132 772 4208 archiepiscopus
787 4134 882 4192 comiti
895 4149 913 4192 a
928 4131 1043 4192 Nasaau
1058 4131 1195 4206 querelas
1207 4127 1286 4191 ou·

1160 4228 1170 4255 θ
