2678 4546
113 265 435 340 quanm,
454 263 1114 339 fflmffitcrudeietestabilem
1134 276 1280 347 etperpe

111 378 197 431 uam.
235 369 684 431 murmurem.
721 372 893 447 Rudinus,
912 374 1282 449 edomine,etinjustitia

111 476 1283 552 maetmbotmucsmperipsmumetquodpreuobiscaroiactumest

110 580 1188 655 sermm-muniesmi'bristum,dilectumfiiiumtum
1226 587 1283 660 Qui

110 688 447 762 incuterem
465 696 715 750 munacius
734 690 838 763 spiritu
857 690 928 749 deus
947 692 1041 751 trinus
1061 692 1283 752 danusiaco·

110 794 183 853 cula
206 792 309 852 Amen
574 858 581 865 ,

113 916 120 927 ·
197 898 311 959 Eadem
331 897 1047 976 mmmmbsmuegitutmisupellex,
1070 903 1283 975 quamcriex

110 1011 216 1064 testato
229 1005 362 1079 debetur,
377 1005 417 1064 ad
430 1007 521 1080 ipsius
535 1006 624 1063 uitam
638 1007 858 1080 relinqueretur.
896 1006 1031 1078 Quernas
1045 1007 1203 1080 periculum
1217 1008 1283 1067 sub-

111 1128 172 1171 esse
186 1111 351 1184 videretur,
364 1110 573 1170 honestissime
586 1118 727 1170 matronae
740 1113 772 1170 in
786 1112 841 1170 boc
853 1112 1057 1170 comeranus

90 1221 95 1232 ’
197 1213 1283 1296 Joauuasiieorgiuscomesabiausieidtperlitterasetmandatatrium

111 1321 270 1394 principum
282 1318 406 1408 iratrum
426 1337 628 1395 germanorum
648 1323 747 1394 optimi
766 1323 905 1396 principis
918 1323 1039 1382 ioannis
1053 1321 1195 1381 friderici
1208 1319 1281 1380 iiiio-

110 1443 173 1508 rum
183 1426 284 1499 iussus
298 1431 343 1485 est
356 1426 477 1486 tutelam
490 1424 615 1486 tiliarum
630 1425 666 1485 de
677 1426 896 1502 Scbnrtrburg
909 1429 973 1488 loco
986 1426 1087 1487 stabis
1100 1429 1146 1485 sui
1157 1426 1283 1501 Philippi

111 1531 240 1592 defuncti
253 1533 408 1606 suscipere.

197 1637 310 1696 Eadem
329 1636 446 1697 dotrina
464 1643 560 1696 mater
578 1637 662 1696 nobis
680 1653 793 1697 omnem
807 1637 1012 1711 supellectilem
1026 1637 1174 1696 librariam
1188 1644 1284 1697 osten

110 1742 165 1817 dit,
184 1758 253 1817 que
271 1742 318 1800 vel
337 1742 449 1803 docttm
468 1740 601 1801 sufficere
615 1748 721 1815 posset.
759 1743 819 1802 Sed
832 1741 901 1816 quid
916 1743 953 1802 de
972 1741 1149 1815 supellectile
1163 1742 1283 1801 libraria

112 1847 219 1922 dcam,
241 1863 306 1906 cum
320 1846 432 1921 Gaspar
445 1847 548 1907 Sartor
570 1864 629 1907 non
650 1863 743 1922 pauca
761 1848 906 1907 uolumina
924 1848 1109 1906 classicorum
1130 1846 1283 1906 autberum

112 1951 147 2010 de
159 1952 250 2012 rebus
263 1949 331 2011 fidei
343 1955 530 2012 meantium
543 1953 665 2028 habeat,
688 1951 762 2012 adeo
781 1968 835 2012 nec
852 1954 969 2011 omnino
987 1967 1116 2011 amusurn
1131 1951 1283 2012 Rudelsta·

112 2057 189 2117 dium
202 2061 257 2116 est.

198 2161 331 2220 Vidimus
352 2163 385 2221 in
411 2163 520 2222 chartis
546 2162 655 2224 affabre
681 2163 802 2238 depictis
828 2162 991 2223 nominibus
1020 2164 1107 2221 etiam
1137 2164 1282 2237 asscriptis

111 2283 208 2326 omnes
222 2283 305 2327 arces
319 2274 351 2326 ct
362 2268 553 2345 munitiones,
574 2286 647 2345 quas
667 2271 767 2328 rustici
786 2285 861 2328 anno
881 2268 987 2328 donini
1006 2272 1090 2329 1524
1106 2273 1136 2328 et
1153 2269 1236 2329 lost
1252 2269 1282 2329 in

110 2372 237 2432 Francia
250 2374 385 2434 orianffli
398 2375 445 2435 vel
458 2375 621 2450 expilarant
634 2377 681 2435 vel
695 2374 917 2450 conflagrarant..

139 2458 143 2463 ’
197 2478 326 2553 Apertus
340 2477 388 2538 bic
400 2496 501 2540 rumor
514 2487 560 2541 est
573 2486 604 2540 et
619 2499 695 2541 nunc
710 2481 850 2556 agricolas
865 2479 1002 2539 tumultus
1017 2479 1102 2538 ciere.

198 2583 226 2642 A
240 2582 360 2644 doctore
373 2584 533 2645 Melchiors
552 2587 590 2646 ab
605 2587 678 2646 Ossa
691 2587 852 2660 accepimus
874 2582 976 2644 ducem
988 2584 1157 2644 Mauritim
1171 2589 1201 2643 et
1214 2597 1282 2642 suas

112 2689 236 2749 ditiones
250 2688 376 2749 nondum
390 2691 509 2750 Interim
523 2687 595 2752 illud
609 2695 681 2752 inire
696 2693 780 2752 velle.

198 2793 227 2853 A
248 2811 333 2854 coena
352 2794 464 2855 choreae
482 2795 576 2856 ductae
598 2814 652 2873 per
672 2797 782 2857 nobiles
802 2796 910 2856 aubcos
926 2792 1044 2869 Georgii
1058 2793 1190 2868 Ernesti,
1213 2809 1283 2855 vasa

110 2903 173 2975 pice
189 2905 220 2959 et
238 2901 372 2960 crustulis
389 2902 493 2976 ligneis
513 2901 621 2962 referta
639 2908 820 2964 concremata
839 2906 907 2961 sunt
926 2916 979 2974 pro
999 2917 1079 2959 more
1095 2900 1281 2972 Francorum,

109 3005 188 3080 quod
209 3021 300 3080 genus
322 3006 492 3066 chorearum
511 3007 577 3081 plus
597 3008 716 3066 insanire
737 3013 767 3068 et
787 3008 916 3068 stultitiae
940 3021 1026 3079 quam
1047 3005 1153 3080 piaculi
1175 3005 1282 3065 babere

108 3111 237 3193 uidetur.

199 3217 248 3276 xiv
263 3217 332 3292 Julij
352 3234 469 3278 asocru
484 3204 750 3293 Georgio'Ernesto
770 3218 910 3279 avunculo
930 3233 982 3276 suo
1002 3219 1103 3292 gatis
1119 3220 1191 3276 acta
1205 3221 1281 3289 sunt

109 3325 187 3400 quod
202 3341 273 3400 erga
287 3327 378 3398 ipsam
393 3324 462 3384 boni
476 3327 581 3386 tutoris
596 3324 652 3385 fide
666 3342 735 3384 usus
751 3325 796 3384 sit.
834 3324 947 3384 Deinde
963 3323 1114 3397 prandium
1129 3328 1280 3397 sumptam.

109 3431 135 3490 A
149 3429 276 3505 prandio
290 3429 432 3504 Georgius
445 3432 749 3506 Emestusprinceps,
769 3446 863 3490 comes
876 3434 906 3488 et
920 3428 1050 3490 dominus
1065 3445 1083 3488 a
1098 3429 1281 3505 lienneberg,

91 3553 93 3559 ·
108 3538 212 3596 doctor
225 3535 369 3595 Melchior
383 3535 456 3595 Ossa
470 3553 528 3597 una
548 3553 610 3595 cum
631 3552 721 3597 uxore
736 3543 766 3595 et
779 3535 892 3596 filiabus
912 3534 951 3595 ad
965 3533 1169 3609 profectionem
1184 3552 1215 3595 sc
1230 3554 1280 3613 pa·

109 3647 177 3702 rant
191 3640 385 3701 valedicentes
400 3643 494 3701 sorori
509 3632 672 3702 catherina
687 3648 716 3702 et
730 3640 857 3715 filiabus,
875 3639 1005 3701 Eubulus
1023 3656 1093 3699 vero
1113 3640 1158 3699 his
1173 3641 1211 3701 ad
1225 3639 1282 3700 duo

105 3744 171 3808 iere
186 3747 310 3806 miliaria
325 3747 459 3807 ducatum
474 3748 609 3823 praestitit
622 3764 654 3808 se
668 3749 723 3808 illis
735 3747 773 3808 ad
784 3746 879 3807 officia
895 3745 1026 3821 offerens,
1042 3760 1077 3804 ac
1091 3745 1166 3805 bone
1180 3750 1283 3807 cunta

109 3857 244 3928 precatus
259 3852 478 3913 Rudelstadium
493 3869 624 3913 tenemus
641 3860 692 3913 est.

201 3959 380 4019 Conveniam
405 3964 450 4018 est
469 3959 583 4033 eadem,
607 3958 677 4032 quid
698 3959 734 4020 de
754 3958 952 4033 obsignatione
973 3956 1133 4016 litterarum
1153 3955 1235 4016 tieret
1253 3965 1283 4018 et

110 4064 179 4140 quid
193 4065 316 4125 citemus
329 4065 361 4123 in
374 4064 502 4127 Arnstad
517 4065 658 4140 agendum
672 4065 757 4125 foret.
788 4065 871 4124 Fecit
885 4069 915 4123 et
929 4062 1059 4122 Eubulus
1074 4079 1126 4136 per
1141 4062 1281 4124 Lazarum

111 4172 308 4246 argentarium
325 4170 356 4228 in
370 4168 511 4233 Arnstadt
524 4171 649 4248 sigillum
662 4171 693 4231 in
707 4186 790 4230 usum
804 4175 858 4231 eto.
879 4169 989 4247 parari.
