2678 4546
607 50 647 119 31

78 237 103 295 it
117 237 255 310 comites,
279 240 308 294 et
322 236 397 296 banc
412 234 579 310 dignitatem
595 234 680 293 alicui
698 236 848 309 impartire
870 243 914 297 est
934 251 1035 296 munus
1055 236 1209 311 imperato·

78 359 124 417 m,
141 358 201 403 non
218 342 356 416 Saxonis,
379 341 465 401 Hessi
481 357 535 400 nec
549 338 674 400 Palatini
689 337 764 415 (haec
779 339 854 399 enim
870 341 932 414 ejus
947 338 1028 402 tuere
1043 341 1160 417 verba),
1181 348 1212 402 et

78 448 265 529 respenitius
279 448 503 522 inspicerentur,
528 444 651 519 reperiri
667 445 762 518 potnit
777 447 827 518 oui
842 446 935 508 Hesso
951 447 1073 507 diceret:
1098 448 1143 507 Tu
1158 464 1210 507 nos

78 553 155 612 hanc
170 569 285 613 naseam
299 553 462 626 conjecisti,
484 568 538 612 nec
558 552 611 612 abi
632 551 752 609 ulterius
772 553 803 610 in
822 551 919 626 aliquo
939 558 1085 629 tenemur,
1108 554 1160 612 sed
1181 561 1209 612 et

78 656 120 716 bis
136 657 175 717 dc
189 665 307 732 accepto
321 659 428 718 damno
443 656 612 718 satisfacies.
636 657 713 715 Nam
728 656 858 717 dominus
873 658 954 719 tendi
969 660 993 717 si
1008 660 1117 719 vasallo
1132 659 1210 720 dam·

78 780 102 821 m
117 764 276 838 injunxerit
290 771 343 824 ant
356 770 473 838 praeter
487 780 610 836 aequum
626 779 691 821 eum
706 764 917 838 molestaverit,
941 781 1033 837 aeque
1052 763 1138 824 feudo
1162 780 1210 824 ex·

78 884 132 929 cre
147 875 235 943 atque
251 870 376 929 vasallus
391 876 488 945 potest
502 878 557 931 etc.
586 870 651 930 Hoc
666 871 751 945 enim,
768 872 870 946 inquit,
887 872 965 946 apnd
980 887 1032 930 nos
1048 873 1090 930 sic
1104 875 1209 932 consti·

78 991 129 1033 um
143 980 190 1034 est
204 982 259 1035 etc.
289 975 391 1034 Fuisse
407 991 521 1049 quoqne
545 992 576 1035 se
598 978 681 1035 annis
703 977 866 1050 quindecim
886 979 1017 1037 clientem
1039 977 1211 1037 comituma

78 1079 173 1138 nstein
188 1086 218 1139 et
232 1081 392 1140 wertheim
407 1098 465 1140 uon
480 1084 603 1155 negavit.
629 1083 702 1140 Tum
715 1097 782 1155 ego:
798 1083 837 1142 Et
852 1099 904 1142 nos
919 1100 955 1142 ex
969 1084 1023 1142 hac
1038 1084 1209 1157 cognatione

78 1201 141 1258 nus,
158 1186 381 1247 namhiichaelis
397 1186 433 1247 de
446 1187 605 1247 Wertbeim
620 1201 702 1245 soror
717 1188 782 1247 avia
796 1187 865 1246 mihi
880 1187 942 1247 tuit.
965 1188 1013 1247 Ad
1028 1189 1090 1246 baec
1105 1190 1142 1247 is:
1164 1188 1209 1247 Eo

78 1291 170 1350 entius
184 1296 253 1350 tuae
268 1293 435 1352 clementiae
449 1293 602 1352 inserviam
617 1294 647 1351 in
663 1293 792 1352 omnibus
806 1310 880 1365 quae
892 1309 1016 1366 possum.
1041 1295 1206 1367 Interroga·

78 1413 124 1455 rus
139 1397 229 1471 igitur
245 1396 379 1471 quidnam
394 1397 480 1458 hodie
502 1397 566 1457 fieri
587 1416 605 1457 a
624 1399 706 1457 nobis
726 1404 861 1472 oportere
882 1405 1007 1473 putaret.
1036 1399 1206 1473 Respondit,

78 1501 149 1563 sdic
164 1502 347 1563 archiducem
365 1502 403 1562 ob
423 1508 565 1576 sumptum
585 1504 772 1577 pharmacum
795 1505 825 1562 in
849 1506 996 1565 consilinm
1017 1523 1075 1565 non
1097 1507 1205 1565 venire.

78 1613 224 1696 retaturos
239 1614 334 1693 patrm
348 1610 384 1669 dc
399 1610 486 1669 rebus
501 1610 676 1684 gramssimis
691 1612 722 1668 in
737 1609 856 1670 consilio
875 1615 905 1668 et
926 1626 958 1669 se
979 1627 1037 1670 una
1056 1627 1120 1670 cum
1141 1611 1206 1670 aliis

78 1730 144 1773 rem
160 1719 372 1789 promoturum,
395 1720 428 1773 ut
442 1731 528 1774 cansa
544 1716 643 1774 cesari
658 1713 815 1789 referatur,
840 1721 900 1774 tum
916 1732 969 1774 nos
985 1722 1121 1790 oportere
1144 1732 1204 1774 sue

78 1820 197 1893 kstafis
206 1819 408 1879 resolutionem
418 1825 571 1894 expectare
582 1825 611 1878 et
625 1835 677 1879 nos
692 1819 813 1879 subinde
829 1820 1027 1879 exhiberemus
1042 1823 1207 1894 conspectui

78 1923 198 1984 hidncis
213 1930 244 1985 et
258 1927 384 2000 episcopi
397 1926 611 1999 Atrebatensis,
636 1927 747 1984 etiamsi
762 1923 832 1984 nihil
848 1925 1014 1984 diceremus.
1048 1925 1150 1999 Sisque
1165 1926 1207 1986 illi

78 2032 145 2095 ltine
160 2035 283 2104 agentes
298 2047 363 2091 eum
377 2031 520 2104 liquimus.

121 2136 157 2194 In
172 2136 276 2196 eodem
291 2137 394 2195 itinere
410 2137 440 2195 in
454 2127 579 2209 hospitio
595 2134 766 2194 marchionis
782 2136 913 2193 electoris
934 2142 1082 2196 smenuum
1106 2137 1204 2196 Stacu-

78 2254 132 2307 ta
154 2241 262 2302 Sleben
283 2242 412 2302 Eubulus
435 2243 583 2316 convenit,
607 2242 648 2300 illi
672 2256 816 2315 exponens
839 2241 984 2314 quodnam
1006 2248 1207 2316 argumentum

78 2347 271 2427 ‚stliterarnm
286 2348 403 2406 electori
418 2362 470 2405 sno
486 2347 576 2405 nostri
591 2349 704 2405 nomine
720 2345 890 2420 oblatarum,
907 2353 1043 2429 rogantes
1059 2353 1100 2422 nt,
1117 2349 1141 2406 si
1157 2364 1205 2406 res

84 2451 268 2525 'venirent,
292 2452 429 2512 electoris
444 2452 594 2511 clementia
609 2453 703 2513 omnia
718 2454 747 2510 1ιι
762 2452 908 2510 meliorem
923 2456 1034 2524 partem
1054 2452 1130 2525 apud
1150 2469 1204 2511 cre·

120 2580 141 2605 u
160 2558 342 2636 maiestatem
362 2559 548 2633 interpretari
570 2557 639 2615 velit
659 2563 688 2615 et
707 2574 760 2630 pro
781 2555 862 2615 nobis
882 2556 1069 2616 intercedere,
1101 2557 1131 2615 Is
1154 2573 1206 2617 nos

102 2724 104 2729 ,
133 2662 197 2721 'ter
220 2669 251 2722 ct
271 2664 383 2738 excepit
404 2671 433 2722 et
452 2663 561 2721 audivit
581 2665 611 2719 et
632 2661 789 2735 prinoipem
812 2676 845 2720 ac
864 2661 957 2734 ipsum
976 2661 1045 2719 mihi
1064 2663 1094 2720 in
1112 2664 1157 2721 his
1177 2668 1207 2722 ct

133 2765 191 2847 bus
205 2770 316 2828 morem
331 2784 432 2843 gerere
447 2774 564 2841 paratos
580 2771 701 2826 testatus
717 2771 769 2824 cst.
806 2765 913 2840 Recepi
929 2767 1028 2841 ctiam,
1052 2769 1076 2826 si
1098 2768 1206 2828 elector

122 2900 126 2918 ι
145 2887 203 2932 suae
216 2874 382 2948 impropria
397 2889 484 2932 causa
499 2873 657 2932 rescribere
674 2873 773 2945 vellet,
790 2889 834 2932 me
849 2873 961 2933 litteras
977 2873 1014 2933 ad
1030 2891 1094 2934 eum
1110 2881 1203 2935 trans·

128 2998 132 3024 ¹
151 3002 198 3037 ue.
221 2980 340 3040 Elector
354 2985 449 3040 autem
466 2978 559 3038 adhue
573 2994 672 3036 somno
686 2975 862 3050 indulgebat.

128 3081 234 3144 Eadem
258 3087 432 3146 secretarius
452 3084 586 3143 Hoiensis
608 3081 690 3142 nobis
710 3083 836 3142 ostendit
856 3092 1053 3158 argumentum
1075 3086 1204 3160 epistola

166 3190 205 3250 ad
217 3192 477 3252 Monasteriensem
493 3208 578 3264 super
594 3189 830 3248 commissionem
845 3190 1115 3249 causaHoiensinm.
1133 3191 1205 3248 Item

119 3320 135 3364 ῃ
156 3320 158 3344 1
190 3297 397 3357 commissionis
407 3313 459 3354 noc
469 3314 527 3355 non
536 3295 773 3356 consultationem
786 3293 896 3354 Claudii
909 3295 1116 3369 Canciuncnlae,
1130 3311 1204 3369 quac

117 3396 169 3478 fa:
188 3402 283 3467 minus
299 3401 492 3476 quadraginta
507 3399 624 3462 florenis
639 3405 759 3460 constat.

124 3502 233 3566 Fadem
249 3506 396 3566 dominum
411 3507 571 3566 Musculum
586 3513 619 3565 ut
634 3506 778 3564 nobiscum
799 3505 954 3579 pranderet
973 3508 1070 3580 rogari
1091 3509 1202 3568 curavi·

137 3633 158 3659 u
189 3627 258 3671 mox
272 3610 312 3671 ad
326 3611 464 3671 decimam
480 3613 589 3672 aderat.
622 3613 708 3685 Eum,
730 3629 787 3685 qua
801 3613 945 3685 potuimus
961 3611 1137 3672 humanitate
1154 3629 1202 3673 ex·

148 3741 165 3767 -2
192 3716 230 3777 de
252 3717 342 3776 variis
365 3723 394 3775 et
415 3733 478 3776 cum
499 3735 533 3777 eo
556 3717 735 3777 familiariter
756 3717 887 3778 collocuti
908 3735 1020 3792 sumus,
1042 3734 1078 3778 cx
1098 3733 1155 3791 quo
1175 3723 1205 3776 et

141 3821 173 3889 fo
188 3847 211 3875 v:
229 3822 268 3882 D.
285 3822 428 3881 Bucerum
444 3821 490 3881 die
506 3824 626 3882 Veneris
642 3824 772 3896 proxime
788 3823 886 3897 elapso
902 3825 1068 3882 comitatum
1091 3821 1201 3880 duobus

139 3952 141 3959 ·
159 3951 197 3979 a:
216 3925 329 4000 aulicis,
346 3943 404 3985 uno
419 3928 591 3987 marchionis
607 3928 738 3987 electoris
754 3934 784 3987 et
798 3928 890 3989 altero
906 3927 1048 3987 Friderici
1068 3925 1202 3998 Palatini,

149 4032 349 4108 ‘Augusteum
364 4034 460 4105 equite
475 4050 532 4092 uno
551 4033 619 4091 hinc
638 4034 750 4092 abiisse.
790 4031 860 4091 Cum
882 4032 919 4090 ad
940 4032 1013 4090 diem
1034 4043 1204 4103 parasceucs

129 4141 130 4144 ’
158 4139 252 4199 euerit
265 4141 356 4200 antea
371 4154 485 4213 quoque
499 4139 530 4200 in
545 4138 669 4214 quodam
683 4154 757 4212 pago
773 4153 825 4213 per
840 4152 942 4199 novem
958 4135 1132 4211 septimanas
1153 4133 1202 4198 de·
