2678 4546
696 46 744 115 44

135 235 300 298 describens
321 233 385 293 hae
405 239 506 294 nostra
518 238 658 305 tempora.
697 228 819 292 Addidit
836 236 932 293 autem
952 229 989 291 de
1004 232 1085 292 exitu
1102 232 1174 293 vitm
1187 233 1303 295 Herodis

134 341 369 413 horribilissimo,
392 338 546 399 ostendens
568 336 661 396 Deum
681 352 767 396 nosse
779 337 844 410 'qul
867 342 897 397 et
915 342 1055 411 tyrannos
1075 339 1261 412 pessumdare
1278 346 1303 399 ct

134 462 202 506 snos
224 447 336 519 eripere
356 444 468 505 debeat.
508 444 581 503 item
603 443 746 515 quomodo
766 441 846 501 Deus
873 444 904 501 in
920 444 1173 517 impoenitentibus
1184 447 1303 520 supphdi

134 551 300 610 tarditatem
314 564 409 623 poenae
424 550 568 623 grauitate
583 553 756 621 compenset,
772 553 801 606 et
814 547 958 621 quomodo
968 547 1092 608 sublatis
1103 551 1240 623 tyrannis
1251 551 1303 609 snio

134 654 289 730 aliquando
304 656 449 728 respirare
464 653 560 715 donet.
602 654 674 713 Item
690 654 727 713 de
742 668 826 712 cruce
840 652 949 726 Joseph
966 659 997 713 et
1009 652 1116 714 Maria
1132 655 1166 713 in
1180 654 1302 731 Aegypto

136 760 214 835 apud
228 766 341 835 gentem
355 761 507 820 idolatram
522 766 552 819 et
566 757 746 818 irrisionibus
754 758 890 832 deditam,
899 762 929 816 et
943 759 1022 832 quod
1031 757 1168 821 Ghnstus
1183 761 1303 821 dominus

134 882 226 927 annos
241 864 303 925 fere
319 872 443 939 quatuor
464 867 494 924 in
509 864 642 939 Aegypto
664 865 824 939 peregerit,
845 878 899 922 neo
912 862 944 922 id
957 863 1073 922 interim
1086 870 1201 941 tacens,
1220 867 1301 940 majo

132 988 194 1031 rem
207 977 287 1045 tunc,
303 973 378 1030 sieut
393 975 423 1031 et
437 987 521 1043 nune,
537 970 700 1028 mortalium
714 974 825 1041 partem
840 985 872 1026 se
886 967 925 1029 ad
944 967 1055 1028 felicius
1077 971 1163 1030 nans
1178 973 1252 1032 latus
1264 972 1300 1030 in

131 1077 253 1136 elimasse
268 1081 298 1135 et
313 1092 376 1135 eam
390 1073 493 1148 fidem,
515 1089 580 1148 qum
594 1075 672 1148 regi,
694 1074 769 1132 sieut
783 1079 910 1133 ethnae
925 1090 1009 1148 quem
1024 1073 1138 1135 cassari
1154 1076 1235 1137 corah
1248 1090 1302 1136 esse

56 1218 60 1224 -
132 1180 313 1253 probassent,
329 1179 579 1252 amplecterentur,
596 1185 625 1238 et
639 1195 725 1253 quam
742 1180 862 1252 exiguus
883 1194 953 1253 grex
974 1194 1051 1238 ueroe
1066 1181 1203 1241 eeclesiae
1216 1181 1299 1243 iacnt.

132 1285 214 1358 Item,
229 1288 345 1357 quantu
353 1280 459 1343 inerint
466 1285 627 1356 pressiones
643 1284 770 1342 ecelesiae
786 1283 972 1358 suhilerone,
985 1284 1126 1360 Ττιιᾶιιιο,
1132 1285 1297 1359 Domitiano,

134 1387 313 1448 Diocletiano
328 1393 358 1446 et
371 1390 401 1449 id
415 1404 505 1463 genus
521 1391 743 1462 imperatomm,
766 1396 799 1448 ut
819 1396 925 1462 praeter
945 1390 1041 1449 omnia
1055 1390 1118 1450 alia
1131 1391 1298 1453 incommoda
1332 1358 1337 1425 ¹

133 1498 163 1552 et
177 1498 221 1552 tot
239 1494 453 1568 persecutiones
474 1493 580 1566 publici
600 1495 686 1552 etiam
715 1499 872 1553 censemus
893 1492 1057 1553 christianis
1081 1495 1226 1568 prohibiti
1242 1498 1296 1569 sint,
1329 1544 1332 1555 .

131 1599 174 1657 ita
188 1605 230 1673 ut,
246 1599 314 1658 dnm
330 1598 456 1658 interdiu
476 1613 534 1657 nou
548 1604 678 1673 possent,
699 1606 783 1658 noete
803 1599 841 1658 ad
856 1599 988 1658 lucernas
1002 1602 1207 1679 convenerint,
1229 1600 1296 1663 etad

135 1702 188 1762 bos
203 1719 281 1778 usus,
297 1704 399 1776 iuquit,
415 1700 543 1762 candelis
558 1708 588 1761 et
601 1704 789 1764 luminaribus
803 1705 848 1763 usi
861 1711 929 1765 sunt
947 1710 1059 1765 veteres
1073 1708 1237 1783 christiani,
1250 1720 1295 1767 non

129 1813 163 1867 ut
177 1809 267 1882 stulti,
291 1809 404 1882 inquit,
428 1807 475 1867 die
497 1809 661 1882 gottlosenn
676 1810 737 1869 uud
752 1810 906 1870 siellosenn
920 1810 1095 1887 Papistenn,
1118 1809 1237 1889 ίιιιίιιιιι,
1256 1811 1293 1887 od
1321 1820 1335 1839 ¹·

133 1912 213 1973 claro
229 1915 303 1973 eoelo
318 1929 417 1974 cereos
432 1912 599 1973 accendunt.
623 1915 696 1972 Item
711 1929 767 1987 quo
782 1915 887 1975 ardore
901 1921 1014 1976 veteres
1032 1916 1189 1979 christiani
1202 1924 1292 1991 marty·

133 2018 207 2075 mum
222 2018 409 2092 appetierint,
425 2019 498 2079 adeo
512 2023 545 2079 ut
560 2019 645 2077 etiam
661 2036 718 2079 non
738 2022 849 2080 evocati
864 2037 896 2080 se
910 2022 988 2095 ipsos
1002 2021 1164 2095 prodentes
1178 2036 1291 2085 atcttrrrt⁴
1325 2073 1339 2078 -

133 2125 207 2194 rent,
224 2123 328 2194 vixque
342 2120 460 2180 tandem
475 2122 637 2182 christianis
658 2139 676 2181 a
692 2122 879 2186 Constantino
901 2142 1006 2200 magno
1028 2127 1096 2187 loca
1111 2130 1228 2203 publica
1239 2128 1290 2189 dett

131 2230 161 2283 et
177 2224 286 2296 templa
306 2227 462 2285 constituta
485 2243 561 2302 esse,
582 2229 611 2285 in
633 2229 750 2304 quihus,
771 2232 876 2305 inquit,
912 2229 1027 2291 christo
1048 2232 1157 2294 laudes
1172 2235 1289 2305 dicerni,
1311 2262 1326 2293 .,-

130 2327 290 2388 doctrinam
311 2328 497 2402 apostolicam
517 2331 655 2392 docerent
674 2340 703 2393 et
728 2336 957 2395 recordationem
981 2338 1083 2397 mortis
1104 2338 1288 2400 domimcaiu
1316 2380 1336 2391 -

129 2433 347 2508 participatione
367 2436 449 2509 panis
470 2440 499 2494 et
517 2437 612 2496 calicis
628 2437 816 2498 celebrarent.
869 2441 915 2499 Ne
930 2441 1027 2517 igitur,
1049 2444 1103 2519 ait,
1128 2442 1310 2529 ommutui

130 2555 193 2598 mus
209 2546 238 2600 et
252 2556 305 2601 nos
319 2543 446 2602 animum
463 2542 492 2619 (o
508 2543 610 2616 pusille
626 2542 719 2618 grex),
741 2562 806 2604 nam
830 2545 910 2606 dabit
924 2546 1003 2605 Deus
1017 2547 1063 2607 his
1078 2565 1200 2625 quoque
1212 2550 1287 2611 linc!
1303 2552 1338 2625 i.-

130 2643 203 2704 ltem
217 2661 329 2719 semper
345 2649 400 2719 piis
415 2647 549 2721 doluisse,
566 2648 644 2721 quod
657 2648 788 2708 viderent
807 2651 937 2723 pessimis
951 2652 1116 2713 hominibus
1139 2672 1209 2718 suos
1221 2668 1288 2717 cont
1303 2636 1308 2657 '

128 2752 177 2805 tas
193 2755 224 2806 et
237 2750 426 2821 appetitiones
442 2754 547 2824 optime
562 2753 674 2827 cedere,
705 2753 778 2813 adeo
793 2760 826 2813 ut
841 2756 927 2815 etiam
940 2756 1061 2817 Doridis
1080 2774 1136 2831 pes
1150 2763 1183 2821 in
1196 2762 1249 2823 hae
1258 2760 1289 2821 lar
1304 2778 1338 2833 ις·-

129 2851 262 2910 brieitate
282 2868 355 2924 pene
375 2854 473 2927 lapsus
494 2856 589 2917 fuerit.
627 2859 662 2918 ld
684 2861 777 2931 ipsum
792 2876 905 2933 quoque
920 2876 937 2920 a
953 2862 1030 2925 Hioh
1054 2869 1085 2922 et
1098 2844 1317 2929 deremiacui

127 2955 191 3015 aliis
206 2955 301 3015 multis
317 2956 380 3017 Deo
394 2958 568 3021 charissimis
583 2963 713 3035 patribus
729 2972 914 3038 conquestum
936 2983 1007 3027 esse.
1047 2930 1332 3047 oporteromtui

127 3074 191 3118 ema
210 3060 267 3120 tide
282 3068 309 3120 ot
325 3078 376 3134 spe
396 3071 548 3137 expectare
568 3066 727 3143 dominum,
752 3072 801 3143 qui
821 3086 889 3129 suos
903 3071 1022 3132 tandem
1035 3081 1123 3135 eruet
1137 3078 1293 3151 erehetott
1321 3062 1338 3193 i

127 3163 266 3238 Exemplo
290 3173 358 3224 sunt
372 3166 481 3242 Joseph
497 3174 635 3231 nutricius
653 3174 755 3232 Mariae
770 3176 889 3249 virginis
906 3182 935 3235 et
948 3178 1124 3255 pueriJesu,
1140 3183 1294 3258 quiquam
1331 3196 1338 3253 ι

127 3286 213 3343 quam
233 3272 322 3330 multa
344 3272 536 3335 intolerabilia
556 3278 585 3334 in
607 3277 740 3352 Aegypto
760 3282 889 3351 perpessi
904 3286 979 3355 sant,
1002 3299 1060 3342 non
1075 3288 1292 3359 murmuraret,

127 3375 178 3432 sed
194 3390 305 3434 smnma
319 3377 460 3448 patientia
474 3387 677 3456 expectarent,
702 3384 793 3443 donee
813 3386 930 3444 oraculo
944 3388 1045 3447 moniti
1061 3388 1093 3448 in
1107 3390 1243 3453 sudeam
1254 3404 1291 3451 ιι·

127 3479 200 3537 verti
213 3479 392 3551 iuberentur.
416 3482 488 3542 ltem
503 3486 633 3558 exemplo
647 3488 755 3561 Joseph
770 3506 823 3548 nos
839 3491 995 3564 prudentes
1010 3508 1075 3552 esse
1089 3502 1229 3569 oportere
1241 3510 1290 3555 ne·

127 3584 198 3657 nuit,
215 3586 263 3657 qui
279 3602 441 3660 quanquam
456 3589 492 3647 ab
508 3591 610 3666 angelo
621 3594 719 3665 jassus
734 3594 822 3654 fuerit
836 3598 866 3654 in
873 3596 1002 3656 Judaeam
1016 3613 1161 3677 remeare,
1177 3608 1289 3665 rauna

125 3690 155 3749 in
170 3688 225 3748 hoc
240 3697 339 3750 saneta
353 3693 505 3765 prudentia
520 3713 597 3770 usas,
617 3714 654 3756 ae
672 3715 734 3758 eam
757 3703 951 3775 tetrarchiam,
972 3705 1018 3761 eui
1032 3704 1191 3769 Archilaus
1203 3704 1288 3783 pr*
1329 3726 1334 3733 ·

124 3793 220 3869 debat,
236 3796 372 3871 intraret,
393 3799 418 3856 si
442 3816 477 3858 ex
497 3801 551 3859 hoc
571 3805 701 3876 exemplo
722 3805 904 3865 christianam
927 3806 1112 3880 prudentiam
1127 3812 1326 3877 discem-

125 3900 240 3973 dooens,
256 3908 289 3959 nt
303 3907 400 3960 tamen
414 3907 605 3965 temeritatem
620 3915 650 3966 et
664 3910 904 3982 praecipitantium
918 3913 1085 3973 vitaremus.
1108 3917 1185 3976 ltenr
1198 3912 1286 3977 arat
1294 3920 1337 4017 ᾖ

126 4002 201 4061 laum
216 4005 303 4066 inisse
319 4006 409 4066 filium
424 4008 551 4068 Herodis
565 4014 675 4086 magnii,
698 4031 842 4088 nunquam
863 4022 960 4075 mmon
983 4034 1048 4077 oum
1063 4018 1208 4095 dignitate
1220 4020 1299 4095 repul

126 4108 290 4182 insignitum
304 4110 401 4173 hisae
443 4110 518 4174 Huic
532 4112 653 4176 Pontias
668 4117 779 4179 Pilatus
794 4124 931 4182 suecessit
943 4128 998 4183 ete.
1036 4124 1111 4185 ltem
1130 4126 1241 4189 locatus
1251 4126 1285 4185 ati
