2678 4546
601 47 667 117 173

37 246 116 306 genu
132 235 164 291 et
177 232 272 291 omnis
284 232 454 308 lingnaDeo
468 230 660 292 confitebitur.
688 232 843 309 Videbunt,
859 237 992 311 sentient,
1009 242 1038 297 et
1053 237 1216 312 centuplum

37 338 78 397 eis
92 337 126 397 in
139 336 236 397 sinnm
250 352 350 399 sorum
363 339 549 399 retribuetur.
581 336 713 412 Domine,
729 338 846 413 ignosce
860 345 891 400 et
905 341 987 401 nobis
1003 348 1032 401 et
1047 342 1113 401 illis.

126 440 199 501 (lum
214 441 304 502 dulim
318 445 397 517 optio
412 444 506 518 detur,
523 461 581 504 non
597 444 794 519 proneptem,
810 446 881 506 Jesu
898 445 1020 525 Christe,
1037 450 1148 524 ignoro,
1165 448 1216 508 sed

38 549 88 621 qul
104 553 201 622 optem
214 550 333 624 hoeeito‚
357 551 504 609 nonenim
520 549 598 623 quod
612 551 721 625 petitur
735 549 889 625 protertur.
929 553 1016 613 Faxit
1036 571 1105 615 uero
1127 554 1216 614 domi-

37 670 91 712 nns
105 654 256 715 nobiscum
271 660 301 715 et
315 656 437 716 nominis
451 656 495 716 sui
510 658 685 717 sacrosancti
706 657 828 730 gloriam
848 658 940 732 plebis
959 675 1030 718 meae
1050 658 1120 720 fidei
1139 676 1214 721 com-

36 760 131 820 misse
144 757 304 833 proiectum
320 767 350 822 et
363 762 508 821 uxorculae
522 778 556 822 ac
571 767 679 821 nostrae
697 759 708 796 ¹
724 763 853 822 salutem.
892 764 964 822 Haec
979 770 1075 824 autem
1092 768 1134 823 74
1154 764 1216 825 dies

35 870 93 940 est,
117 880 204 940 quam
225 866 363 940 Augustae
384 867 528 942 trivimus,
553 866 654 928 addito
674 874 770 928 tamenn
790 875 920 942 tempore
941 868 1018 943 quod
1037 887 1056 929 a
1075 870 1216 931 Waldech

36 986 129 1045 usqne
142 971 183 1032 ad
196 970 357 1046 Augustam
371 974 402 1031 in
416 973 520 1033 itinere
535 975 707 1048 peregimus.

123 1076 183 1151 xvij
198 1077 287 1137 Junii.
317 1079 352 1137 In
366 1078 428 1138 aede
444 1076 581 1138 Mauritio
597 1096 680 1139 sacra
694 1081 719 1138 is
739 1080 789 1154 qui
812 1080 842 1137 ia
863 1080 918 1138 hoc
938 1078 1042 1140 ibidem
1063 1082 1214 1142 ordinatus

34 1188 66 1243 ut
78 1183 209 1256 posthaec
224 1184 396 1244 ecclesiastae
411 1201 514 1243 munus
529 1185 629 1260 obeat,
653 1191 740 1261 caput
758 1188 796 1243 19
813 1184 946 1244 Matthaei
966 1185 1050 1258 legit,
1074 1201 1109 1245 ac
1127 1186 1213 1247 solito

34 1304 114 1348 more
134 1289 285 1350 ecclesiam
303 1289 341 1349 ad
361 1286 567 1350 confessionem
588 1298 617 1350 et
637 1291 862 1351 obsecrationem
877 1290 1008 1349 hortatus
1024 1296 1076 1349 est.
1100 1292 1214 1352 Deinde

33 1394 61 1454 d.
70 1393 222 1455 Masculus
231 1411 269 1470 ex
282 1411 345 1472 cap.
360 1397 399 1455 15
408 1396 530 1456 Joannis
545 1413 632 1471 super
647 1396 710 1455 haec
724 1394 826 1455 uerba:
854 1396 1048 1455 «Meroentote
1062 1399 1211 1471 sermonis,

35 1516 120 1574 quem
135 1515 190 1574 ego
204 1500 265 1559 dixi
279 1500 368 1574 uobis,
385 1515 442 1560 non
458 1508 502 1562 est
516 1514 616 1562 seruus
631 1503 724 1577 major
743 1501 858 1562 domino
874 1518 934 1560 suo.
966 1501 996 1560 Si
1011 1518 1055 1561 me
1070 1502 1214 1575 persecuti

35 1611 113 1681 sunt,
128 1611 168 1665 ¹et
181 1621 233 1667 vos
247 1612 471 1681 persequentur,
494 1609 519 1666 si
533 1615 721 1668 servaverunt
736 1624 895 1667 sermonem
909 1622 1018 1680 meum,
1042 1613 1072 1666 et
1085 1613 1212 1668 vestrum

35 1711 199 1785 servabunt.
239 1711 298 1772 Sed
319 1711 382 1771 haec
400 1714 497 1773 omnia
516 1712 624 1773 lacicnt
643 1712 724 1773 vobis
747 1719 867 1786 propter
889 1728 993 1772 nomeu
1012 1729 1118 1785 meum,
1143 1716 1212 1787 quia

35 1822 243 1879 adunaverunt
258 1834 323 1878 eum
338 1820 387 1891 qui
401 1819 480 1879 misit
493 1835 557 1878 me»
577 1817 773 1893 [concionatus
789 1813 880 1892 est].⁹
895 1818 951 1875 Hic
966 1818 1057 1891 primo
1072 1820 1123 1892 ait,
1140 1835 1210 1892 quo·

34 1922 116 1983 nodo
132 1921 264 1984 Christus
279 1939 345 1983 suos
359 1924 526 1999 praemuniri
542 1924 633 1983 voluit
648 1924 726 1985 hisce
741 1928 771 1983 et
786 1923 924 1983 similibus
945 1923 1123 1983 sermonibus
1143 1940 1210 1984 con·

33 2036 78 2089 tra
98 2030 256 2091 instantem
277 2032 512 2102 persecutionem.
556 2028 749 2103 Mementote,
778 2031 873 2103 inquit
896 2027 1041 2103 Christus,
1071 2032 1210 2092 semnonis

34 2150 117 2208 quern
131 2150 188 2211 ego
202 2135 264 2195 dixi
279 2135 359 2195 vobis
380 2134 502 2211 (scihcet
521 2136 595 2209 ejus,
618 2152 701 2209 quana
725 2140 791 2209 post
812 2135 948 2195 lotionem
969 2134 1073 2209 pedum
1092 2136 1151 2195 illis
1169 2135 1211 2197 di·

33 2239 128 2317 xerat)
143 2246 174 2301 et
187 2242 242 2301 hcc
255 2242 319 2301 loco
333 2241 450 2315 repetiit
468 2239 643 2314 «discipulus
659 2257 716 2300 non
733 2246 776 2300 est
790 2256 879 2315 supra
898 2245 1098 2314 magistrum».
1130 2242 1211 2301 Fecit

33 2347 105 2407 enim
121 2346 254 2408 dominus
269 2347 345 2406 idem
359 2346 436 2421 apud
452 2345 622 2407 Matthaeum
638 2347 730 2421 capite
750 2348 799 2404 10.
835 2346 982 2406 Delicatus
998 2353 1094 2405 autem
1110 2363 1209 2407 seruus

33 2454 71 2513 et
82 2456 214 2527 oportet,
235 2453 285 2526 qui
300 2467 337 2511 ea
350 2450 469 2523 sufferre
485 2453 566 2525 nolit,
583 2468 648 2525 quae
664 2452 742 2510 videt
756 2450 870 2510 domino
886 2449 1026 2510 accidere.
1059 2451 1115 2512 Sed
1129 2451 1210 2512 Mus·

34 2557 112 2617 culus
126 2557 202 2618 adeo
216 2556 270 2632 pie·
279 2572 313 2615 ac
328 2556 412 2617 docte
427 2556 465 2616 ad
479 2557 671 2617 eruditionem
688 2559 777 2616 nostri
798 2556 894 2614 omnia
913 2556 1152 2629 accommodavit,
1178 2563 1210 2616 ut

34 2678 125 2723 meum
140 2678 201 2722 non
215 2662 253 2721 sit
268 2663 364 2722 omnia
378 2660 565 2737 perscribere.
598 2662 627 2722 Si
648 2678 693 2720 me
713 2663 856 2734 persecuti
878 2659 985 2719 fuerint
1007 2666 1061 2720 etc.
1093 2661 1149 2719 llic
1168 2663 1211 2720 ait

33 2768 260 2841 persecutionem
269 2754 380 2829 exodio
395 2765 535 2842 proficisci
552 2784 605 2827 nec
620 2784 682 2826 esse
697 2784 767 2839 rem,
784 2781 848 2840 quae
863 2765 979 2824 modum
994 2782 1111 2825 servare
1126 2767 1207 2827 sciat.

33 2870 105 2932 llum
119 2871 193 2949 quid
206 2887 265 2931 non
278 2873 459 2933 contumelia
473 2876 503 2932 in
526 2872 669 2933 Christum
690 2869 892 2932 contulerunt?
930 2871 1077 2946 Numquid
1099 2888 1157 2932 non
1179 2873 1209 2931 in

33 2974 125 3039 Deum
139 2977 385 3053 blasphemarunt,
402 2995 467 3038 enm
483 2978 609 3039 dicamas
625 2979 829 3037 samaritanum
845 2978 1014 3036 daemonium
1035 2976 1207 3039 habentem?

32 3089 85 3145 aa
113 3083 160 3142 Ac
173 3082 298 3156 denium
312 3085 478 3158 turpissima
492 3084 584 3143 crucis
600 3088 692 3143 morte
707 3099 771 3142 eum
786 3085 969 3155 interimunt,
994 3090 1023 3142 et
1038 3082 1068 3141 id
1083 3099 1207 3157 quanam

33 3186 67 3249 du
80 3204 171 3250 cauea
184 3190 243 3247 nisi
257 3187 345 3249 odio?
368 3188 425 3250 Sed
439 3188 541 3263 cujusl
572 3190 713 3248 Nimirum
729 3189 867 3248 veritatis.
902 3189 932 3247 Si
953 3189 1040 3261 igitur
1062 3186 1206 3246 Christum

34 3292 177 3355 hminum
191 3295 334 3367 persecuti
349 3300 427 3368 sunt,
449 3311 517 3354 uum
532 3294 680 3368 discipulis
695 3293 868 3368 parcerent?
900 3293 983 3366 Quod
999 3298 1028 3352 et
1042 3290 1148 3352 laetum
1163 3293 1204 3349 ui-

35 3398 129 3461 demus
143 3415 199 3460 nec
212 3415 314 3458 novum
330 3406 375 3459 est
388 3399 464 3460 idem
479 3402 534 3474 piis
548 3401 578 3459 in
593 3400 647 3458 hoc
662 3399 768 3458 mundo
783 3399 922 3458 accidere.
952 3397 1031 3456 Dicit
1045 3403 1141 3457 autom
1159 3405 1208 3457 «et

35 3520 80 3567 tos
93 3509 336 3580 personamus»,
352 3521 410 3564 non
426 3504 495 3565 dicit
508 3511 574 3578 post
587 3506 677 3564 multa
691 3510 830 3579 tempora,
847 3503 898 3562 sed
914 3520 965 3577 por
973 3504 1207 3563 accelerationem

35 3614 243 3685 moueantur
256 3611 312 3684 ait,
335 3626 364 3685 o.
382 3611 425 3670 d.:
449 3612 514 3670 Jam
529 3627 604 3670 nunc
624 3611 768 3684 incipient.
800 3609 839 3668 At
859 3609 936 3668 dices
959 3608 1121 3682 praedicabo
1143 3609 1205 3680 qui·
1314 3614 1317 3618 ’

35 3714 94 3775 iarn
108 3715 291 3789 evangelium
304 3716 347 3775 ita
361 3721 394 3774 ut
408 3733 427 3776 a
441 3716 553 3775 nemine
568 3716 770 3789 comprehendi
791 3715 881 3788 possit
901 3720 930 3774 et
950 3715 1094 3786 inculpate
1114 3713 1207 3770 vivam

35 3836 83 3891 aee
98 3821 162 3881 ulla
182 3822 240 3881 erit
258 3820 315 3879 illis
334 3821 447 3893 occasio
467 3836 513 3879 me
533 3821 734 3896 persequendi.
772 3819 847 3892 onir
868 3825 963 3880 autem
985 3816 1091 3877 audio?
1130 3816 1206 3874 Num

35 3926 80 3991 llo
92 3927 201 4001 aliquis
215 3927 343 3987 sancdm
356 3927 424 3986 vitae
439 3928 602 3987 innocentia
622 3926 734 3988 Christo
756 3924 869 4001 major?
892 3929 942 3984 aut
963 3913 1083 3983 fficendo
1104 3920 1206 3995 lenior,

610 4059 626 4095 a

106 4151 119 4200 l
142 4158 175 4197 ae
191 4142 286 4197 filiolae
303 4146 416 4198 notha?
488 4149 503 4197 2
524 4145 581 4197 Das
600 4143 832 4212 eingeklammerte
851 4140 918 4193 fehlt
935 4141 963 4189 ia
982 4139 1027 4190 dar
1044 4136 1086 4192 hs.
