2678 4546
660 40 734 111 bac

114 230 216 307 psalmi
232 232 294 292 119
311 231 452 306 exposuit,
468 229 549 304 emus
563 221 688 289 initium:
703 227 773 287 Feci
786 218 925 302 judicium
939 215 1133 301 et'justitiar'n,
1149 226 1286 302 usigitur

111 339 210 411 tradas
224 352 270 395 me
292 336 509 410 oppressoribus
531 335 611 394 meis.
649 333 746 394 Primo
764 334 882 407 repetiit
903 348 967 406 qure
989 332 1054 392 heri
1076 348 1132 406 pro
1155 333 1286 392 cendone

112 442 191 502 dicte
205 449 296 501 erant.
320 440 432 502 Deinde
446 442 495 516 ait,
512 441 588 500 buno
602 455 718 514 scopum
733 438 818 512 hujus
830 439 972 498 octonarii
987 453 1060 511 esse,
1078 436 1160 511 quod
1175 439 1216 497 sit
1229 453 1286 498 ora·

112 549 154 608 iio
170 547 297 606 eoelesiae
312 548 482 606 universalis
498 551 528 607 et
542 546 765 619 uniuscuiusque
779 542 887 618 fidelis,
909 548 938 603 et
953 543 1045 616 qnod,
1062 559 1128 602 cum
1145 558 1184 602 ex
1198 544 1287 603 animo

112 651 223 713 servari
239 651 379 725 judicium
399 656 428 711 et
444 653 586 726 justitiam
611 651 708 724 cupiat
728 648 887 723 faciatque,
911 653 940 709 et
958 644 1047 708 fumat
1073 663 1195 722 qnoque
1211 647 1288 721 juxta

113 758 220 818 donum
236 757 282 817 dei
296 756 339 816 illi
353 756 464 831 datum,
489 757 574 818 deum
587 759 715 830 invocet,
739 760 773 814 ut
786 752 923 815 defendet
937 757 968 813 et
982 756 1119 827 protegat
1133 753 1175 812 ab
1189 752 1286 813 edver-

112 863 195 923 sariis
210 867 264 922 eto.
292 863 332 922 Et
345 862 420 922 benc
434 863 608 935 orationem,
624 861 730 935 iuquit,
747 861 772 918 si
787 876 913 934 unquam
928 859 1123 918 necessariam
1137 855 1231 918 luisse
1244 873 1286 918 ar·

111 968 265 1043 bitremur,
289 965 418 1041 profecto
437 983 514 1027 nune
533 967 635 1026 orandi
654 972 766 1038 tempus
786 970 843 1040 est,
867 980 931 1023 eum
950 965 1070 1025 verbum
1093 962 1141 1023 dei
1162 961 1287 1037 qnotidie

111 1071 271 1132 adulterari
285 1072 413 1132 videmus
429 1078 458 1132 et
471 1073 588 1147 tyranni
601 1076 753 1145 exurgunt,
770 1073 819 1145 qui
833 1071 993 1130 doctrinam
1002 1067 1136 1129 veritatis
1153 1082 1216 1127 uno
1229 1082 1287 1126 eum

112 1177 304 1239 assertoribus
318 1178 381 1251 ejus
393 1193 409 1236 e
420 1177 515 1237 medio
524 1176 666 1237 subletum
677 1178 786 1237 volunt.
810 1178 829 1236 J
830 1178 901 1236 ussit
914 1190 1029 1249 quoque
1041 1175 1205 1248 observari,
1217 1173 1286 1247 quod

112 1283 300 1358 penecadem
315 1296 377 1340 sors
392 1289 443 1341 sut
453 1279 571 1342 fortuna
582 1284 709 1343 ecclesiae
722 1288 752 1342 et
764 1285 876 1357 piorum
888 1281 1015 1344 omnium
1026 1287 1195 1354 temporum
1206 1277 1287 1338 tuem

111 1386 186 1447 adeo
201 1391 234 1445 ut
248 1385 294 1445 vel
301 1385 442 1446 Davidem
456 1388 518 1446 baec
530 1388 576 1448 vel
591 1393 690 1448 nostro
702 1389 757 1447 hoe
767 1388 1017 1462 perturbatissime
1028 1385 1127 1445 seculo
1140 1386 1286 1461 scripsisse

112 1490 205 1552 videri
226 1494 343 1566 peterit.
381 1491 488 1552 Docuit
502 1497 532 1552 et
550 1493 633 1568 scito,
656 1492 727 1566 qnid
745 1492 792 1551 hic
810 1493 924 1567 justitie
943 1492 1096 1551 diceretur.
1136 1490 1285 1563 Nimirum,

111 1598 214 1672 inquit,
230 1598 362 1656 meritum
371 1596 478 1658 Obristi
489 1599 633 1673 respicere
648 1604 677 1658 et
690 1599 731 1657 illi
743 1596 833 1658 fidere
845 1603 875 1657 et
887 1596 1046 1672 adbosrere,
1062 1611 1123 1655 una
1135 1601 1168 1656 ιι
1182 1609 1287 1655 summa

113 1707 158 1761 est
167 1703 290 1777 J'ustitie,
307 1702 342 1762 de
358 1720 414 1778 qua
424 1703 519 1764 David
534 1709 564 1763 et
579 1705 668 1764 ceteri
682 1705 831 1779 prophetoe
845 1705 1011 1778 loquuntur,
1027 1702 1082 1762 boe
1097 1700 1175 1760 enim
1188 1699 1286 1776 justifi-

112 1823 222 1881 camur,
246 1825 304 1868 non
318 1809 384 1883 illa,
405 1825 469 1882 quae
484 1807 552 1869 fidei
567 1826 652 1870 serva
666 1815 724 1884 est,
749 1827 807 1884 qno
820 1810 896 1870 bona
910 1824 1000 1884 opera
1013 1823 1181 1883 operamur.
1219 1808 1285 1868 Item

113 1911 228 1973 dicebat
245 1914 296 1987 qui
316 1919 412 1974 essent
430 1913 461 1973 bi
480 1914 587 1989 turgidi
606 1921 636 1974 et
655 1917 785 1990 superbi,
809 1923 911 1975 contm
930 1929 1051 1987 qnorum
1070 1913 1129 1972 vim
1147 1913 1287 1987 propbeta

113 2017 159 2077 hio
174 2022 248 2079 oret.
286 2020 441 2095 Videlicet,
458 2021 564 2094 inquit,
580 2023 697 2095 tyrsum
712 2021 767 2094 illi,
785 2022 834 2094 qui
849 2021 1089 2096 superciliositste
1104 2034 1159 2077 suo
1173 2019 1286 2079 verbum

112 2121 223 2182 domini
237 2128 423 2185 contemnunt
437 2141 471 2185 ac
485 2125 541 2185 sibi
555 2126 608 2185 soli
623 2142 726 2199 sapere
740 2122 892 2200 videntur,
909 2127 1037 2186 volentes
1052 2123 1203 2183 hominum
1222 2140 1286 2185 eon·

113 2228 247 2288 scientiss
267 2228 313 2288 rel
327 2233 428 2288 contre
451 2231 607 2305 scripturos
629 2232 675 2290 vel
694 2231 794 2291 iisdem
813 2218 851 2292 ad
871 2233 998 2306 ipsorum
1017 2232 1147 2304 pulatmn
1170 2228 1287 2290 detortis

113 2332 274 2406 astringere
290 2333 474 2407 adigereqne,
499 2335 557 2410 qui,
581 2353 599 2395 o
616 2337 686 2396 deus
701 2335 790 2410 bone,
815 2352 900 2410 quam
915 2352 991 2396 nunc
1003 2339 1146 2412 regnante
1162 2336 1288 2397 Scibam

113 2439 236 2497 saeviuut
249 2444 279 2499 et
292 2444 425 2513 regnent.
465 2441 537 2500 Item
552 2441 622 2515 quid
641 2443 679 2500 sit
692 2443 789 2501 oculos
810 2442 848 2503 od
863 2441 947 2502 deum
962 2442 1087 2501 directos
1104 2443 1151 2501 vel
1165 2441 1288 2501 intentos

113 2542 220 2603 babere
235 2545 273 2604 sd
288 2545 335 2605 dei
349 2546 582 2606 misericordiam.
621 2547 677 2604 Hie
692 2549 768 2605 eninr
783 2563 865 2607 omne
885 2552 1014 2608 nostrum
1028 2546 1194 2607 excluditur
1208 2547 1288 2606 meri·

113 2654 182 2709 tum.
208 2650 329 2710 oremus
340 2652 437 2726 igitur,
450 2657 482 2710 nt
492 2650 645 2710 secundum
657 2651 834 2713 bonitatem¹
845 2669 924 2712 snam
938 2652 1069 2712 dominus
1082 2653 1146 2712 rios
1162 2669 1230 2713 snos
1239 2670 1288 2713 nos

115 2756 243 2830 edoceat,
259 2758 321 2831 ipse
338 2758 412 2817 enim
429 2763 473 2816 est
488 2760 587 2817 unicus
600 2758 701 2818 doctor
715 2762 744 2817 ιι
755 2759 873 2818 verbnm
886 2765 915 2818 et
927 2773 976 2817 cor
989 2758 1071 2818 dans.
1099 2758 1204 2818 Sumus
1216 2758 1289 2817 enim

116 2860 192 2918 servi
207 2862 277 2934 ejus,
295 2867 324 2921 et
338 2872 437 2921 servus
453 2864 544 2921 sciens
560 2864 632 2922 velle
648 2862 710 2921 beri
725 2862 769 2921 sni
784 2869 813 2922 et
827 2879 885 2922 non
899 2861 1005 2923 tociens
1020 2864 1114 2938 pingis
1128 2865 1228 2924 multis
1243 2880 1289 2924 vo·

115 2965 225 3038 pulabit
234 2971 287 3025 eto.
311 2967 383 3024 Item
398 2981 462 3039 qnae
475 2973 571 3025 essent
585 2969 747 3027 testimonio
762 2969 877 3042 domini,
894 2969 1101 3029 obtestationes
1113 2971 1161 3030 vel
1176 2970 1289 3030 decreta

114 3074 165 3130 snt
178 3071 309 3131 institute
321 3072 404 3146 juxta
418 3076 532 3146 tropum
553 3075 759 3146 scripturorum
776 3075 916 3147 exposuit.
956 3075 1096 3150 Tempus,
1118 3076 1226 3150 inquit,
1249 3075 1289 3134 fo·

115 3175 209 3236 ciendi
222 3176 336 3236 domiue
352 3179 562 3252 dissipaverunt
576 3180 668 3252 legem
684 3186 771 3238 tuom.
795 3179 841 3238 En
858 3179 971 3239 domine
987 3186 1086 3240 sancte
1101 3186 1202 3256 pater,
1220 3182 1288 3241 deus

114 3280 198 3341 fortis
214 3288 243 3340 et
256 3299 374 3358 magne,
395 3285 475 3358 euJ'us
490 3282 709 3357 magnificentiae
725 3301 777 3344 neo
792 3285 893 3345 modus
909 3301 961 3344 neo
976 3284 1042 3345 finis
1058 3292 1116 3360 est,
1137 3301 1247 3361 exurge
1261 3292 1289 3345 ιι

115 3386 223 3459 dissipa
237 3396 349 3462 gentes,
372 3391 421 3461 qui
436 3389 511 3448 belle
526 3390 634 3448 volunt.
673 3390 740 3449 Non
754 3390 846 3449 solum
862 3391 937 3449 enim
952 3395 1017 3451 tuos
1032 3398 1248 3466 persequuntur
1261 3396 1289 3451 et

115 3497 327 3550 sacrosanctum
343 3495 460 3554 verbum
475 3500 553 3554 tunm
569 3496 728 3568 invertunt,
748 3494 886 3554 addentes
901 3497 1163 3570 iniquissimorum
1178 3494 1288 3558 lemeis

114 3596 280 3657 ludaeorum
296 3598 493 3674 calliditatem,
515 3604 548 3658 ut
563 3600 641 3673 quod
655 3601 793 3658 hactenns
814 3602 900 3659 amnis
916 3606 946 3661 ιι
960 3602 1044 3660 minis
1065 3618 1125 3661 non
1139 3603 1287 3676 processit,

115 3720 190 3763 nnnc
205 3703 271 3765 dolo
287 3711 317 3764 et
331 3706 477 3764 eversione
494 3706 678 3766 ecelesiarum
699 3711 728 3765 et
742 3706 903 3765 scholarum
918 3705 1053 3765 efficiant.
1094 3706 1222 3783 Tempus
1236 3712 1287 3780 est,

116 3809 276 3884 edomine,
297 3818 330 3870 ut
348 3813 410 3885 ipse
428 3809 517 3870 facias
537 3818 567 3870 et
587 3827 701 3884 regnes.
739 3812 815 3871 Vere
836 3811 910 3870 enim
932 3810 1024 3884 legem
1044 3817 1124 3871 tuam
1145 3814 1287 3874 etinctum

115 3916 255 3988 evangelii
270 3916 404 3975 nuncium
420 3914 568 3990 dissipant,
584 3916 666 3976 nobis
682 3931 735 3974 sua
750 3916 844 3976 edicta
857 3921 887 3976 et
901 3916 1012 3976 somnio
1024 3916 1224 3993 obtundentes,
1241 3932 1287 3978 ne-

693 4053 709 4088 s

193 4137 204 4181 1
224 4133 273 4186 Hs.
295 4151 312 4186 a
330 4135 443 4189 domino.
