2678 4546
638 39 705 103 tlt

85 228 122 289 dc
137 227 205 288 sede
221 223 363 300 deposuit,
379 237 438 282 non
452 224 549 281 antem
565 218 669 280 everdt
681 215 786 292 sedem,
802 213 881 290 quod
893 219 1023 290 potestas
1035 215 1125 292 gladii
1136 216 1176 277 sit
1188 217 1264 278 ordi·

86 333 165 393 natio
181 331 242 406 dei,
259 301 461 404 ¹superbientes
483 331 580 386 autem
600 325 630 381 in
651 339 687 383 cc
700 337 839 396 personas
859 320 929 383 deus
950 321 1049 382 delicit
1063 327 1119 382 etc.
1158 321 1265 384 Docuit

84 439 155 498 item
176 434 336 508 exemplum
355 432 512 492 chomatis
523 434 552 489 et
570 429 662 515 mutui
681 426 768 486 officii
782 428 813 485 iu
829 427 947 502 deipara
962 429 1074 502 virgine
1093 427 1262 489 imitandum

86 556 164 614 esse,
188 540 285 611 utiquc
301 552 365 610 quae
380 552 433 594 nec
448 537 520 610 juga
535 535 674 594 altissima
692 535 831 592 montium
845 548 899 592 nec
919 535 1058 607 temporis
1072 534 1194 594 taedium
1215 535 1262 595 dc·

86 645 226 717 trectarit,
243 658 299 716 quo
314 647 444 716 cognatae
460 640 609 699 charitatis
624 654 714 712 opera
728 642 891 713 praestarct.
920 637 1076 698 observari
1090 654 1208 713 quoquc
1220 640 1264 698 hic

82 750 183 825 jussit,
199 748 324 807 Mariam
338 747 567 807 observationem
581 744 719 805 trinitatis
733 743 764 801 in
777 742 832 801 hoc
847 742 957 801 cantico
971 742 1117 803 habuisse.

175 854 286 914 Eadem
301 855 332 912 in
345 853 539 927 hybernacnlo
555 856 654 910 nostro
669 864 802 924 mappam
817 848 883 908 nori
897 847 975 906 orbis
987 848 1121 923 vidimus,
1139 865 1199 924 qua
1213 866 1264 908 nos

86 959 257 1021 Anastasius
273 959 414 1018 Schmaltz
429 975 447 1017 a
461 955 583 1016 Landau
598 972 663 1014 cum
677 955 864 1029 inscriptione
883 953 1006 1013 nominis
1021 957 1051 1014 et
1066 955 1112 1014 sui
1128 961 1159 1016 et
1174 956 1264 1016 nostri

87 1065 221 1141 donarit,
245 1063 295 1137 qui
309 1065 353 1123 vir
369 1079 421 1122 nos
442 1077 478 1122 ex
492 1061 554 1121 sclc
574 1062 688 1120 nomine
709 1065 846 1134 noverat,
870 1064 900 1119 et
913 1074 959 1118 me
981 1060 1055 1119 lutet
1069 1068 1116 1120 'an
1139 1076 1263 1136 unquam

87 1170 232 1231 hominem
247 1167 376 1228 viderim.

176 1272 287 1334 Eadem
301 1286 375 1331 uxor
390 1271 515 1332 doctoris
532 1270 567 1330 de
583 1271 655 1330 Ossa
670 1267 748 1343 apud
762 1285 815 1329 nos
826 1268 962 1354 obtinuit,
978 1267 1115 1332 utilium
1132 1271 1196 1344 eius
1210 1271 1263 1331 Ac·

89 1379 196 1438 milium
210 1378 241 1436 in
255 1377 384 1437 ordinem
398 1377 635 1452 pedissequarum
649 1375 794 1434 uxorculae
809 1376 1029 1450 susciperemus.

176 1483 399 1556 Perscripsimns
414 1483 516 1543 eadem
537 1480 572 1540 dc
584 1464 733 1540 nonnullis
748 1479 787 1539 ad
801 1480 944 1539 loannem
959 1479 1129 1545 Gabctaum
1145 1485 1175 1541 ot
1189 1482 1262 1541 Her·

87 1603 222 1648 mannum
231 1587 365 1646 Nellium.
388 1585 498 1646 Eadem
512 1585 597 1645 lostc
611 1585 701 1659 sophi
715 1600 768 1658 pro
783 1585 880 1647 debito
892 1584 1154 1646 Germersshausen
1169 1592 1200 1647 at
1213 1601 1263 1660 pro

88 1691 221 1753 mercede
236 1707 289 1750 suc
303 1691 409 1752 talercs
424 1691 525 1765 viginti
540 1690 611 1749 duos
627 1689 756 1750 dedimus
771 1706 807 1750 ex
821 1691 951 1766 pecunia,
968 1707 1055 1765 quam
1063 1690 1263 1767 Norinberssac

88 1814 156 1858 accc
176 1813 299 1858 eramus.

156 1816 207 1977 piij
237 1902 308 1963 Julii
327 1898 449 1960 Honfels
471 1906 501 1961 ct
520 1901 683 1961 Ludcrieus
713 1901 827 1961 circiter
851 1907 984 1975 quartam
1008 1902 1263 1964 antemeridianum

87 2006 156 2066 hinc
170 2008 278 2067 abiere.
316 2006 427 2066 Eadem
437 2022 557 2080 quoque
577 2010 643 2064 ante
658 2006 811 2079 prandium
827 2006 941 2066 domina
956 2022 1054 2068 socrus
1070 2023 1105 2068 ac
1119 2005 1189 2067 filius
1205 2009 1263 2082 ejm

89 2109 173 2172 nobis
188 2126 237 2170 eas
252 2111 453 2171 comitantibus
468 2111 507 2171 cd
522 2111 596 2171 Saloe
607 2107 727 2198 ¹durium
742 2111 882 2186 piscatum
897 2113 1003 2173 abiere.

178 2213 303 2275 comites
319 2214 565 2290 aSchwartzburg
579 2231 670 2289 genus
685 2231 767 2274 suum
782 2218 902 2277 trahunt
916 2234 934 2277 a
948 2217 1070 2278 dominis
1085 2218 1123 2279 de
1137 2219 1264 2280 Kcrern·

87 2318 179 2394 burg,
198 2319 369 2394 Keverburg
383 2337 436 2379 arx
451 2323 494 2379 est
509 2335 568 2379 non
586 2322 687 2394 procul
707 2321 744 2380 ab
758 2320 916 2382 Arustadio
938 2324 1024 2384 etiam
1043 2323 1123 2400 apud
1144 2325 1263 2401 munies

88 2423 232 2498 quondam
256 2425 385 2484 celebris.
429 2424 543 2484 Primus
566 2430 661 2484 autem
684 2426 863 2487 dominorum
886 2428 922 2488 de
943 2429 1137 2506 Kevernbnrg
1160 2429 1264 2490 Christi

88 2528 173 2591 fidem
196 2532 352 2607 suscipiens
377 2530 416 2590 ad
435 2534 662 2606 regenerationis
685 2548 774 2592 sacrae
796 2534 912 2595 lavacra
932 2551 986 2608 pro
1007 2549 1088 2594 more
1110 2534 1264 2596 Gundurus

88 2642 204 2695 vocatus
229 2643 288 2709 est,
313 2653 388 2696 nuuc
408 2637 574 2697 Grutherus
596 2639 739 2698 scribitur.
778 2639 846 2698 Fuit
868 2646 898 2699 et
919 2640 994 2701 alter
1016 2640 1133 2714 quidum
1150 2642 1263 2718 Sigurtb

87 2744 211 2816 nomino,
228 2744 277 2815 qui
292 2743 329 2802 ob
344 2744 542 2803 strenuitatem
558 2750 587 2802 et
601 2742 799 2803 fortitudinem
812 2746 849 2805 ab
861 2746 1035 2819 imperatore
1050 2747 1112 2819 aius
1128 2749 1263 2821 temporis

90 2845 225 2918 Sigehart
239 2849 400 2921 appellatus
415 2854 467 2906 est.
505 2848 616 2908 Extant
635 2849 670 2908 de
685 2849 729 2908 his
744 2850 828 2924 plura
843 2855 1028 2911 monumenta
1048 2852 1079 2910 in
1094 2853 1261 2914 Reinhurts·

88 2965 201 3024 prunno
217 2951 362 3026 eoeuobio,
383 2953 432 3012 ubi
449 2953 517 3012 dieti
538 2954 644 3013 domini
665 2955 841 3031 sepulturam
862 2971 942 3014 suam
961 2956 1098 3018 habuisse
1120 2960 1260 3020 dicuntur.

88 3054 230 3115 Hernicus
245 3060 341 3116 autem
357 3073 450 3116 comes
466 3074 484 3117 a
498 3058 726 3135 Schwartzburg,
742 3067 826 3136 pater
840 3063 938 3120 uxoris
954 3067 1061 3122 nostrae
1076 3081 1168 3124 nuum
1183 3073 1211 3126 et
1224 3067 1262 3126 ul·

86 3166 179 3221 terum
194 3162 297 3222 horum
311 3164 445 3222 comitum
460 3180 518 3223 una
533 3180 597 3222 cum
612 3165 758 3239 uxoribus,
774 3171 806 3224 ut
820 3168 850 3224 in
865 3168 941 3228 saxis
956 3166 1191 3246 Reinhartsprun
1206 3170 1260 3231 ett-

86 3268 148 3341 gies
162 3268 289 3343 ipsorum
305 3269 426 3343 viderat,
437 3270 467 3328 in
482 3269 582 3328 tabula
597 3269 713 3346 depingi
727 3277 887 3347 curaverat,
904 3274 971 3332 licat
983 3275 1101 3335 nomina
1112 3280 1259 3353 conjugum

87 3388 145 3430 non
168 3373 226 3430 sint
245 3375 380 3449 ascripta.
419 3375 513 3448 Hujus
533 3381 629 3434 autem
651 3378 694 3434 rei
714 3392 775 3434 eam
797 3392 859 3435 esse
879 3394 995 3438 causam
1015 3382 1157 3458 conjicio,
1189 3383 1259 3458 qnod

85 3477 200 3535 tametsi
221 3480 408 3538 monasticum
427 3497 531 3555 genus,
555 3486 587 3539 ut
601 3482 709 3540 lucrum
730 3482 941 3555 amagnatibus
960 3492 1093 3560 caperet,
1119 3489 1258 3549 celebrare

86 3580 201 3656 quidem
217 3584 332 3644 nomina
346 3586 475 3658 priorum
490 3587 581 3646 videri
595 3587 726 3661 voluerit,
742 3591 837 3645 tamen
852 3604 909 3647 non
920 3589 1074 3649 admodum
1091 3591 1128 3652 de
1144 3596 1256 3656 veritur

86 3692 117 3746 et
131 3684 188 3747 fide
202 3688 338 3748 historica
354 3690 504 3749 sollicitum
519 3690 583 3750 tuit.

173 3791 284 3852 Eadem
299 3810 394 3853 comes
410 3794 608 3872 Wolffgangus
623 3814 641 3857 a
657 3795 794 3857 Gleichen
809 3802 839 3857 ct
852 3814 926 3858 uxor
941 3801 1004 3872 aJus
1019 3800 1198 3876 Megdnlona
1211 3818 1255 3863 nac

86 3912 144 3955 non
158 3895 326 3972 walpurgis
342 3898 379 3958 ab
393 3900 582 3976 Henneberg,
607 3901 703 3962 Caroli
719 3920 737 3962 a
752 3902 889 3963 Gleichen
903 3921 989 3979 uxor,
1013 3922 1067 3981 per
1083 3907 1196 3971 litteras
1210 3922 1253 3968 noc

88 4000 258 4061 salutarunt.
475 4014 479 4020 “

176 4104 286 4166 Eadem
299 4108 413 4170 domino
425 4109 546 4172 Albcrto
556 4109 682 4174 Draconi
694 4120 754 4176 tres
764 4130 867 4176 aureos
881 4116 911 4175 in
924 4116 1111 4178 elemosinam
1123 4117 1250 4181 dedimus
