2678 4546
86 196 117 250 et
131 187 285 250 commissis
300 185 406 246 nostris
426 199 513 261 snper
537 198 687 243 numerum
710 198 805 243 arenae
819 183 907 244 maris
930 183 1127 260 multiplicatis
1148 199 1185 244 eo
1207 201 1260 260 quo

86 296 139 356 tibi
153 296 289 372 placitum
305 298 348 355 est
363 293 457 366 modo,
473 309 526 352 nos
541 307 644 351 eruens
659 294 693 348 ut
707 305 771 348 cum
785 289 916 364 patribus
931 293 1036 349 nostris
1052 290 1088 350 de
1104 291 1261 366 gloriatus

87 400 207 476 gloriari
223 414 369 472 queamus.
407 397 499 470 quue
514 413 610 471 omne,
633 394 835 469 benignissime
849 401 947 470 pater,
964 407 1021 468 quo
1037 397 1146 454 nomini
1161 401 1214 472 tuo
1228 396 1262 455 sit

88 507 279 581 sempiternus
301 505 391 564 honos
413 510 442 562 et
464 505 571 578 gloria,
595 520 632 562 ne
654 500 770 575 sanguis
789 501 936 574 preciosus
958 498 1010 558 filii
1029 501 1072 559 tui
1091 501 1260 560 sanctissimi

89 611 197 672 frustra
212 626 265 684 pro
280 607 363 667 nobis
378 605 483 668 effusus
498 608 670 668 inveniatur.
694 607 811 666 Jussisti
825 612 863 678 te,
880 605 987 666 oDeus
1000 613 1108 681 sancte,
1125 607 1262 680 invocari,

88 716 251 792 repromisit
265 731 379 789 quoque
393 714 524 774 dominus
539 715 624 773 Jesus
639 718 669 771 te
684 712 766 772 nobis
782 709 928 785 daturum,
946 729 1009 785 quae
1025 711 1164 785 petimus,
1180 712 1260 771 mma·

88 823 241 883 ricorditer
255 819 356 894 largiri
372 818 507 894 digneris.
547 819 602 891 Qui
616 824 710 877 tecum
729 818 800 877 vivit
814 821 843 876 et
857 822 961 891 regnat
975 818 1005 876 in
1020 819 1132 877 unitate
1147 817 1260 891 spiritus

91 928 120 988 S.
136 927 216 988 Deus
230 942 284 1002 per
299 926 394 985 omnia
409 926 506 984 secula
521 925 690 984 seculorum.
714 923 815 982 Amen.

176 1031 286 1092 Eadem
302 1032 417 1105 coniugi
431 1031 585 1090 carissimae
600 1030 795 1104 psalteriolum
811 1047 829 1088 a
845 1028 958 1088 domino
973 1028 1041 1088 Vite
1052 1028 1210 1089 Theodoro
1225 1008 1260 1088 illi

89 1139 166 1200 dono
180 1138 289 1211 datum,
305 1139 433 1212 pectines
447 1137 516 1197 item
532 1135 686 1209 eburneos,
703 1138 733 1194 et
746 1129 1184 1209 mactatulumdugustunorum
1199 1151 1259 1194 con·

89 1246 282 1316 cionatorum,
302 1243 332 1300 in
348 1257 404 1315 quo
419 1258 528 1306 summa
543 1248 650 1301 nostrae
668 1240 816 1315 religionis
835 1241 866 1298 in
880 1240 978 1299 decem
992 1239 1130 1300 articulos
1150 1238 1261 1299 redacta

91 1354 148 1422 est,
165 1349 233 1406 item
248 1347 393 1408 orationes
407 1347 570 1408 Bernhardi
585 1345 686 1406 chini
701 1345 828 1420 ejusdem
844 1346 989 1421 exemplar
1005 1345 1113 1405 Joanni
1129 1343 1261 1405 Galeotae
1298 1388 1302 1411 ,

93 1457 122 1512 et
135 1453 231 1513 Nellio
247 1453 451 1528 porrigendum
466 1453 682 1513 transmisimus.

179 1557 307 1617 decena
320 1558 408 1617 animi
422 1559 517 1633 gratia
531 1560 609 1618 iutra
629 1558 700 1618 duas
719 1560 818 1632 partes
835 1555 907 1630 Lyci
926 1554 1006 1616 fluvii
1025 1557 1225 1618 amoenitatem
1238 1560 1262 1615 et
1299 1527 1302 1535 ἱ

93 1664 184 1724 omnis
198 1664 313 1738 generis
327 1663 447 1739 piscium
461 1664 571 1724 vivaria
586 1662 794 1738 conspeximus.

161 1852 164 1858 .
181 1769 328 1844 Propitius
348 1770 430 1829 nobis
451 1773 528 1842 este,
554 1769 668 1829 demine
683 1767 793 1840 JESU,
810 1772 840 1827 ct
855 1767 893 1827 da
907 1773 940 1827 ut
954 1784 1037 1828 omne
1053 1783 1124 1842 opus
1139 1773 1262 1828 nostrum

92 1875 183 1952 patris
199 1882 313 1949 tuaeque
329 1873 408 1934 laudi
423 1876 538 1934 serviat.

180 1981 228 2051 xxj
245 1979 353 2053 Aprilis
367 1978 591 2054 Burgkhardum
605 1979 740 2037 nuncium
755 1976 869 2037 domum
884 1979 1083 2053 relegavimus.

180 2082 337 2143 Eademad
347 2082 567 2150 atrebatensem
578 2084 695 2144 admissi
705 2097 811 2155 sumus,
827 2082 877 2143 ubi
889 2089 1077 2157 posteaquam
1091 2083 1199 2157 proesul
1210 2082 1261 2140 sin·
1293 2100 1302 2181 g

93 2189 168 2264 gulis
183 2188 314 2248 dextram
329 2187 512 2261 praebuisset,
528 2187 667 2262 Magister
682 2188 815 2248 Liberius
831 2189 872 2247 sic
887 2189 984 2249 dicere
999 2188 1098 2262 coepit:
1111 2187 1261 2263 ¹Reveren-

94 2294 209 2355 dissime
224 2300 253 2353 et
267 2292 388 2352 illustris
407 2292 520 2352 dominc
539 2293 688 2368 princeps,
709 2292 746 2351 D.
763 2294 798 2352 V.
815 2295 893 2366 quod
907 2294 969 2354 heri
990 2295 1036 2354 bic
1050 2293 1167 2353 nomine
1181 2293 1261 2354 comi·

94 2405 154 2458 tum
169 2404 333 2458 nostrorum
348 2395 515 2457 aWaldeck
530 2395 703 2457 adfuerimus
718 2398 807 2473 nevit,
823 2403 955 2475 petentes
970 2404 1003 2458 ut
1016 2400 1086 2474 ipsis
1098 2397 1135 2456 D.
1147 2399 1183 2458 V.
1199 2399 1262 2459 ullo

93 2503 199 2579 quendi
213 2501 333 2564 facultas
348 2502 476 2576 daretur,
494 2507 523 2562 et
538 2501 615 2576 quod
626 2502 710 2563 simul
725 2505 756 2562 in
769 2504 892 2563 medium
906 2506 1119 2566 excusationem
1135 2506 1263 2564 comitum

93 2617 256 2676 nostrorum
271 2616 300 2669 at
315 2608 392 2684 quod
407 2608 446 2668 ad
460 2608 624 2668 citationem
639 2609 783 2682 attineret,
800 2609 979 2670 adduximus.
1018 2610 1103 2670 Nunc
1117 2611 1208 2684 igitur
1221 2626 1262 2671 oe

93 2717 176 2775 mima
195 2716 250 2788 ipsi
269 2718 426 2790 presentes
446 2718 562 2789 petunt,
591 2719 624 2772 ut
643 2714 880 2775 reverendissima
894 2716 932 2777 D.
949 2719 983 2777 V.
1004 2717 1069 2775 illos
1089 2715 1194 2776 audire
1212 2731 1265 2776 non

94 2821 274 2894 dedignetur.
299 2818 371 2877 Sunt
386 2824 482 2878 autem
496 2819 641 2892 petitionis
654 2835 752 2879 eorum
766 2821 828 2880 haec
841 2826 944 2897 capita.
969 2823 1066 2882 Primo
1082 2821 1162 2894 quod
1177 2821 1264 2894 adid,

93 2921 172 2999 quod
193 2928 330 2998 tanquam
350 2923 522 2983 rebellantes
545 2924 626 2984 citati
648 2923 703 2983 huc
726 2926 799 3001 sint,
824 2928 922 2987 dicum
944 2944 976 2987 se
997 2927 1068 2985 nihil
1090 2924 1193 2987 fecisse
1215 2926 1266 2986 nisi

93 3034 208 3089 coactos
222 3046 240 3089 a
253 3027 449 3103 landtgravio,
470 3030 550 3104 crrjus
566 3029 667 3089 vasalli
681 3035 748 3090 sunt
763 3037 792 3090 et
807 3033 868 3106 eius
883 3032 986 3094 ditioni
1000 3033 1168 3106 viciniores,
1186 3048 1267 3107 quan

92 3139 126 3193 nt
139 3133 206 3194 hnic
221 3133 376 3209 quidquam
390 3132 534 3209 denegare
549 3136 611 3195 ausi
624 3133 739 3195 fuerint.
760 3137 909 3198 Praeterea
922 3139 946 3197 si
959 3138 1028 3211 qnid
1039 3138 1070 3195 in
1084 3137 1139 3196 hac
1153 3154 1188 3197 re
1203 3152 1265 3212 poc·

93 3241 235 3315 caverint,
254 3257 286 3300 se
301 3239 415 3300 nemine
429 3241 623 3315 imperatoriae
638 3244 795 3316 majestatis
811 3259 848 3302 ex
862 3243 1066 3316 capitulatione
1081 3243 1159 3301 inter
1175 3240 1266 3303 Oresa·

93 3360 186 3404 sarem
208 3349 238 3404 et
263 3345 474 3419 landtgravium
495 3347 701 3421 comprehensa
720 3366 739 3409 a
760 3349 874 3409 domino
894 3348 1060 3409 Reinhardo
1082 3364 1101 3407 a
1125 3348 1220 3408 Solms
1242 3352 1268 3409 et

93 3448 207 3510 Joauue
222 3447 347 3523 Georgio
362 3449 493 3510 Schaden
507 3467 525 3510 a
539 3451 763 3527 Mittelbibrach,
779 3470 911 3514 erasmae
926 3453 1084 3528 majestatis
1105 3455 1266 3514 mmmmm·

93 3554 163 3627 ries,
187 3553 342 3614 absolutos.
378 3554 509 3618 Secundo
538 3559 615 3617 inter
641 3557 886 3635 archiepiscopum
907 3558 1106 3619 coloniensem
1135 3564 1166 3618 et
1192 3560 1268 3635 ipsos

92 3657 230 3719 hacteuus
245 3675 357 3719 errores
372 3661 482 3735 aliquot
499 3677 563 3721 cum
578 3664 726 3722 extiterint
740 3671 769 3723 et
783 3664 803 3722 ii
818 3680 871 3737 per
886 3668 1025 3723 mactatus
1047 3662 1133 3724 modo
1154 3681 1266 3740 compo

93 3765 140 3825 siti
155 3765 227 3839 siut,
252 3766 368 3825 comites
388 3768 444 3826 mei
463 3768 729 3828 reverendissimam
743 3768 780 3827 D.
796 3770 831 3828 V.
848 3767 952 3828 obnixe
971 3785 1035 3827 cnm
1055 3769 1132 3827 omni
1147 3770 1266 3830 submis-

95 3872 175 3930 sione
194 3876 313 3945 rogant,
338 3877 370 3930 ut
393 3872 493 3931 eadem
508 3873 544 3931 D.
560 3875 595 3932 V.
619 3875 697 3949 apud
713 3890 866 3934 caemream
888 3874 1067 3947 majestatem
1089 3874 1268 3935 intercedere

96 3990 149 4048 pro
165 3975 234 4048 ipsis
257 3975 405 4051 dignetur,
430 3992 487 4050 qno
502 3993 627 4037 caesarea
648 3981 783 4053 majestas
807 3995 860 4055 pro
883 3995 935 4038 sua
957 3978 1108 4037 clementia
1130 3984 1160 4039 et
1179 3980 1267 4042 domi·

99 4094 201 4139 norum
222 4083 480 4143 comminariorum
501 4083 710 4146 absolutionem
729 4089 824 4145 ratam
844 4089 873 4145 et
894 4081 1088 4145 confirmatam
1110 4081 1221 4146 habere
1242 4090 1269 4146 st

1296 2634 1302 2795 l
