2678 4546
12 39 270 105 μ·

611 143 676 210 128

58 342 168 402 pascum
183 333 242 386 ture
257 343 364 387 sumus.
387 327 412 389 0
427 333 519 403 pater,
537 328 573 387 da
588 332 620 387 ut
634 334 775 388 amaumm
797 332 826 386 te
840 328 1019 386 redamemus
1036 333 1064 386 et
1079 332 1109 385 te
1124 328 1222 388 tiriaca·

57 449 126 491 mus.
164 432 212 492 Da
225 438 259 492 ut
269 434 353 507 iuxta
368 451 471 494 nomen
492 430 572 492 turim
594 434 685 492 sancti
700 435 804 506 simus,
828 432 962 491 adveniat
982 437 1011 490 et
1025 440 1180 493 renovetur
1194 434 1222 492 in

56 523 136 598 nobis
150 539 272 612 regnum
285 543 376 598 tuum
399 540 462 599 Tua
477 540 608 598 voluntas
624 540 653 596 iu
668 538 864 596 misericordia
878 535 945 611 fiat,
967 554 1004 597 ne
1025 555 1128 612 panem
1144 539 1224 598 verbi

55 644 110 717 tui,
135 660 193 717 quo
208 640 392 703 Germaniam
411 646 442 704 in
463 645 542 704 bisce
563 645 715 718 postremis
734 642 908 718 temporibus
928 648 988 700 tam
1009 643 1128 718 largiter
1150 643 1223 704 refe·

55 750 127 823 cisti,
143 747 269 809 auferas.
322 750 369 809 Da
388 766 425 809 ne
445 752 566 825 penuria
588 748 766 822 affligamur,
788 765 841 807 nec
861 749 983 806 saturati
1003 750 1223 809 recalcitremus.

53 855 139 916 Nosti
154 854 232 914 enirn
245 854 316 930 quid
331 871 403 929 opus
417 855 581 916 habeamus.
619 855 740 914 Dimitte
755 853 838 912 nobis
854 852 949 912 debita
964 859 1072 927 nostra,
1088 870 1125 911 ne
1140 855 1223 914 simul

52 960 228 1035 perdasnos
242 977 306 1020 cum
320 960 519 1034 iniquitatibus
534 963 657 1034 uostris,
678 960 817 1032 siquidem
838 964 868 1017 et
882 975 935 1016 nos
951 958 1040 1034 (quod
1055 961 1178 1021 concede
1193 968 1225 1021 ut

53 1082 88 1124 ex
102 1067 194 1126 corde
207 1064 272 1142 fiat)
287 1063 464 1125 debitoribus
480 1072 509 1126 et
523 1067 760 1141 persequentibus
777 1066 882 1124 nostris
897 1067 1076 1124 remittimus.
1112 1068 1157 1127 Ne
1172 1085 1224 1127 nos

52 1174 81 1230 iu
95 1172 288 1232 tentationem
301 1171 429 1244 inducas,
439 1187 560 1244 quarum
575 1187 651 1230 nunc
660 1187 757 1229 omnes
767 1177 909 1230 terrarum
920 1173 1018 1244 anguli
1033 1172 1132 1232 referti
1148 1180 1223 1245 sunt,

53 1277 104 1336 sed
118 1275 214 1334 libera
227 1292 280 1335 nas
294 1292 313 1336 a
327 1276 404 1335 malo
419 1293 482 1335 eum
497 1279 612 1351 animae,
637 1279 765 1351 corporis
790 1284 819 1336 et
834 1278 944 1336 dierum
959 1278 1097 1336 malorum
1113 1281 1223 1338 borum.

53 1381 197 1453 Quoniam
210 1385 291 1439 tuum
305 1386 351 1439 est
364 1397 494 1455 regnum,
509 1382 684 1454 postliminio
699 1398 751 1439 nos
767 1383 818 1441 tibi
833 1398 961 1441 assereo
978 1383 1100 1451 domine,
1118 1390 1225 1444 tuaest

53 1488 155 1560 uirtus,
172 1491 301 1545 sustenta
316 1502 379 1561 nee,
403 1491 470 1545 tuus
485 1493 529 1546 est
543 1488 644 1562 bonor,
668 1487 706 1546 da
721 1493 750 1546 te
766 1488 856 1546 solum
871 1488 1044 1547 honoremus
1060 1495 1089 1546 et
1104 1489 1224 1563 glorium

53 1595 133 1650 tuam
147 1589 214 1650 daa
225 1591 308 1651 nobis
323 1597 353 1651 et
368 1592 497 1651 omnibus
512 1595 719 1668 promoverim
734 1599 911 1665 perpetuum.
935 1592 982 1652 Da
996 1592 1109 1652 domine
1126 1611 1162 1652 ne
1178 1612 1223 1654 re-

55 1697 174 1770 spiciam
188 1697 283 1756 vultus
297 1698 438 1772 potentis,
459 1698 510 1757 sed
526 1696 564 1755 da
578 1698 608 1755 in
625 1714 656 1756 os
672 1698 741 1770 quid
755 1698 874 1773 loquar,
896 1704 925 1756 et
945 1698 1029 1757 labiis
1044 1701 1114 1758 meis
1129 1705 1223 1759 eusto-

56 1800 130 1860 diam
146 1817 232 1875 pone,
248 1803 279 1860 in
293 1803 409 1861 nomine
425 1803 499 1860 enim
512 1807 563 1860 tuo
578 1803 662 1875 ejicio
677 1807 748 1860 rete.

143 1906 253 1967 Eadem
267 1906 308 1967 ad
331 1912 462 1966 octavam
481 1907 673 1967 inmersione
688 1908 851 1967 cancellarii
873 1908 989 1966 caeseris
1005 1908 1124 1967 Antonii
1138 1909 1224 1968 Atre·

59 2012 183 2070 batensis
198 2013 326 2087 episcopi
339 2027 392 2086 per
406 2010 589 2072 Leonardum
611 2013 653 2070 illi
675 2029 693 2072 a
706 2013 843 2073 cubiculis
863 2014 940 2072 intra
955 2013 1116 2070 cubiculum
1131 2014 1224 2073 vocati

60 2132 164 2190 sumus,
179 2117 228 2177 ubi
244 2134 260 2176 e
274 2119 394 2193 regione
413 2119 506 2177 nostri
526 2121 606 2178 stetit
619 2117 819 2176 atrebatensis
841 2119 947 2192 praesul
968 2125 997 2177 et
1012 2119 1054 2176 illi
1069 2136 1087 2177 a
1102 2120 1225 2178 sinistris

61 2221 253 2297 deilippua
276 2222 358 2283 Seldt
376 2223 634 2283 vicecancellarius.
674 2223 701 2281 Is
722 2239 804 2282 orsus
819 2229 863 2281 est
878 2224 987 2297 dicere,
1009 2224 1223 2284 Revereudissi-

10 2334 12 2401 j
61 2344 116 2386 mus
132 2334 165 2388 et
177 2328 412 2389 clementissimus
427 2329 557 2389 domiuus
577 2345 656 2387 meus
680 2327 880 2388 atrebatensis
904 2330 972 2387 mibi
987 2331 1225 2404 generositatibus

10 2408 12 2425 Ι
61 2436 158 2494 vestus
180 2434 277 2495 dicere
298 2435 439 2510 injunxit,
469 2435 627 2494 Romanam
650 2450 803 2493 caesaream
823 2437 1000 2508 majestatem
1024 2453 1075 2509 per
1090 2451 1224 2494 reveren·

61 2536 204 2598 dissimum
218 2539 438 2600 atrebatensem
454 2543 598 2615 accepisse
613 2556 664 2598 vos
679 2538 717 2597 ad
733 2540 895 2598 citationem
910 2539 967 2597 buc
985 2538 1143 2612 advenisse,
1157 2541 1224 2597 item

10 2648 13 2703 l
61 2645 255 2704 excusationes
270 2651 390 2718 vescas,
406 2661 478 2719 quas
493 2643 713 2720 protenderetis.
752 2645 858 2703 Verum
879 2660 931 2701 sua
950 2645 1084 2717 rnajestas
1105 2646 1159 2702 etsi
1173 2644 1225 2703 bas

10 2756 12 2763 '
61 2750 255 2810 exeusationes
276 2749 415 2833 audierit,
442 2755 614 2809 nontamen
638 2766 697 2808 suae
718 2750 861 2822 majestati
881 2749 925 2807 bis
946 2748 1122 2809 satisfactum
1146 2748 1224 2809 dicit.

61 2852 130 2927 llam
149 2869 316 2929 quanquam
336 2855 541 2929 protenderitis
563 2871 614 2914 vos
635 2854 764 2914 subditos
785 2853 932 2914 Cattorum
955 2856 1091 2928 principis
1111 2871 1173 2913 esse
1195 2860 1226 2913 et

60 2958 109 3018 sub
137 2958 345 3032 capitulatione
371 2960 603 3033 comprehensos,
638 2967 734 3023 tamen
764 2976 814 3018 ces
837 2966 867 3018 et
892 2961 1009 3019 cornites
1030 2961 1143 3034 imperii
1167 2977 1224 3020 non

61 3061 204 3137 decuisse,
237 3069 270 3122 ut
293 3062 376 3123 obliti
405 3065 535 3137 bonoria,
564 3065 711 3140 dignitatis
735 3072 764 3123 et
792 3065 913 3123 nominis
948 3068 1036 3125 vestri
1059 3067 1125 3124 huic
1145 3067 1223 3139 prin·

61 3168 113 3243 cipi
126 3174 231 3229 contra
244 3184 381 3229 caesarem
401 3172 540 3244 pugnanti
561 3172 667 3229 auxilio
683 3173 792 3230 essetis.
845 3172 926 3229 Licet
941 3173 1057 3243 insuper
1072 3186 1154 3229 sacia
1169 3187 1223 3229 cac·

61 3289 140 3334 sarea
166 3265 303 3349 majestas
332 3293 367 3336 ex
386 3276 571 3350 prothocollis
593 3277 694 3349 judicii
718 3293 840 3335 carcerae
861 3278 1024 3350 perceperit
1052 3278 1168 3336 comites
1197 3283 1225 3338 et

60 3379 267 3456 landtgravium
293 3380 329 3440 de
353 3382 407 3441 bac
427 3383 598 3455 quaestione,
620 3381 726 3440 subditi
748 3384 845 3455 ejusne
861 3385 919 3440 sint
939 3400 975 3441 au
996 3399 1090 3456 secus,
1123 3383 1223 3455 egisse.

62 3482 166 3546 Verum
181 3491 327 3560 utcunque
341 3485 403 3544 baec
416 3503 463 3544 res
479 3503 509 3544 se
524 3487 642 3560 babeat,
677 3504 753 3545 nunc
768 3487 803 3546 de
818 3487 862 3545 his
882 3504 934 3546 sua
949 3490 1081 3561 majestas
1097 3488 1224 3562 disputa-

62 3594 165 3653 tionem
180 3600 243 3653 nort·
253 3592 397 3666 instituet,
419 3591 470 3650 sed
485 3592 514 3650 in
529 3593 623 3651 medio
638 3591 788 3665 relinquit,
814 3608 848 3650 ea
863 3598 959 3651 tamen
973 3596 1051 3668 lege,
1068 3601 1099 3652 ut
1113 3593 1181 3654 fiseo
1197 3600 1226 3653 et

61 3712 116 3757 suae
130 3699 276 3772 majestati
296 3696 367 3754 nibil
383 3698 458 3770 juris
482 3696 649 3771 derogatum
670 3697 747 3754 velit.
787 3698 856 3756 ltem
873 3699 951 3771 quod
965 3701 1003 3759 ad
1018 3700 1224 3759 absolutionem

59 3819 109 3876 per
123 3804 257 3863 comitem
271 3802 468 3862 Raiubardum
483 3819 501 3861 a
517 3803 608 3861 Sabus
624 3802 740 3874 attinet,
764 3804 793 3862 id
813 3821 870 3863 non
886 3806 970 3863 latius
985 3806 1113 3875 tendere,
1140 3822 1224 3877 quam

61 3909 133 3981 quod
155 3907 343 3968 commissarii
360 3907 434 3980 jussi
453 3909 511 3967 sint
536 3925 622 3982 super
648 3908 703 3965 hae
722 3909 841 3967 ulterius
864 3926 999 3968 caesarem
1021 3925 1149 3981 (quaerere
1170 3913 1223 3968 etc.

60 4010 167 4072 Horum
183 4027 255 4087 ergo
268 4028 332 4071 cum
342 4011 424 4071 vobis
439 4015 544 4073 conscii
559 4016 621 4073 sitis
636 4019 665 4072 et
680 4020 799 4088 constet,
816 4031 926 4087 omnem
942 4013 1117 4087 dignitatem,
1134 4013 1223 4072 bono-

59 4132 117 4175 rem
132 4123 162 4176 et
174 4118 223 4191 jus
244 4118 334 4176 vestri
356 4119 506 4177 comitatus
528 4136 545 4178 a
565 4121 678 4177 nemine
697 4126 890 4193 praeterquam
912 4120 948 4177 ab
962 4119 1135 4190 imperatore
1151 4118 1225 4178 deri-

32 4244 37 4249 ·
59 4222 127 4298 turi,
143 4219 330 4296 qmuebren
345 4238 470 4283 caesarea
484 4225 620 4299 majestas
635 4225 741 4297 optimo
757 4241 809 4284 suo
821 4224 887 4296 jure
904 4229 933 4283 et
947 4223 1060 4282 actione
1075 4223 1151 4282 laesae
1166 4241 1225 4285 ma·
