2678 4546
691 39 735 115 ³6

214 212 342 276 Abibant
355 214 455 276 eadem
468 211 559 276 stater
573 219 672 275 noster
690 215 831 291 Joannes,
853 214 1042 276 wandelinus
1063 218 1094 275 et
1112 216 1298 293 Milchlingus

126 319 323 395 sollicitatum,
340 324 371 381 at
385 320 614 380 antemeridiano
629 326 758 394 tempore
773 337 858 381 nemo
874 335 910 380 ex
925 319 1094 381 consiliariis
1109 323 1142 382 in
1156 323 1298 384 auditorio

124 422 266 485 adnuerat.
290 425 325 484 Id
339 431 434 487 autem
448 426 492 486 his
509 424 545 486 de
560 426 654 484 causis
668 418 775 487 iactum
790 433 869 500 puto,
887 427 955 499 qnia
970 425 1031 485 dies
1043 427 1107 486 erat
1119 407 1169 505 (ut
1184 427 1297 504 vocant)

125 531 320 605 rogationum,
344 537 373 591 et
388 530 526 591 archidux
540 531 714 591 medicorum
728 547 818 605 opera
833 547 946 605 quoque
962 548 1044 606 usus,
1069 533 1108 592 ad
1127 533 1199 609 hoc,
1226 532 1299 608 quod

125 636 265 697 electores
280 631 367 697 extra
376 636 475 696 urbem
490 637 568 712 apud
583 636 790 697 Treverensem
804 636 910 696 Libero
926 637 1004 721 patri
1019 634 1228 698 sacrificarent.

213 739 371 802 Narratam
389 745 433 802 cst
447 743 529 824 nobis
545 740 659 816 eadem,
684 741 762 815 quod
782 742 836 801 sub
857 742 939 801 initio
961 742 1140 802 comitiorum
1159 743 1297 819 Augusta

124 848 241 906 comites
254 863 302 906 am
311 847 403 906 Hertz
418 864 436 906 a
449 846 582 906 Caesarea
596 848 747 920 majestate
761 848 962 925 impetrarunt,
978 853 1012 907 ut
1027 845 1143 920 quidem
1158 865 1215 923 pro
1230 848 1296 909 libe

124 955 164 1012 ris
174 954 288 1029 imperii
297 953 448 1013 comitibus
463 951 566 1011 haberi
580 951 700 1025 possint,
716 955 746 1010 et
760 956 857 1013 emen
871 951 999 1012 dominos
1014 949 1168 1012 feudorum
1182 968 1295 1013 suorum

123 1064 234 1119 mutare
249 1074 308 1118 ncn
323 1062 504 1131 cogerentur.
625 1095 628 1107 ,

213 1161 327 1222 Eadem
342 1178 396 1237 per
410 1161 577 1223 Hoiensium
593 1162 782 1222 secretarium
796 1161 942 1221 uxorculae
957 1162 1067 1236 scripsi.

213 1249 340 1342 Viglius,
364 1254 456 1342 Hane,
478 1267 654 1343 Marquard,
674 1284 727 1341 pro
743 1268 836 1327 veteri
851 1283 930 1328 more
944 1267 981 1328 de
995 1268 1158 1345 rapacitate
1172 1267 1292 1328 Pereno

124 1379 221 1434 torum
235 1377 462 1446 conqueruntur.

212 1467 304 1537 Fama
322 1477 437 1551 quidem
455 1476 525 1552 tuit,
545 1477 698 1539 Albertum
718 1481 849 1540 comitem
869 1480 906 1540 de
928 1475 1099 1552 Mansieldt,
1123 1492 1156 1536 se
1176 1479 1293 1552 matiam
1331 1548 1333 1567 Ι

123 1583 304 1658 imperatoris
319 1598 491 1657 recuperare
506 1599 608 1658 posse,
631 1599 710 1657 spem
725 1586 851 1659 aliquam
866 1583 1047 1658 concepisse,
1064 1583 1117 1643 sed
1131 1597 1214 1658 aegra
1227 1583 1291 1643 hec.
1329 1584 1333 1669 j

211 1687 322 1747 Eadem
337 1686 528 1762 wolfgangus
542 1672 691 1748 Masculus
707 1691 846 1765 scriptum
861 1689 898 1748 D.
915 1689 1038 1748 Martini
1052 1688 1159 1749 Buceri
1180 1689 1219 1748 dc
1241 1687 1290 1747 dis·
1327 1672 1333 1799 o*

122 1794 231 1868 putatis
246 1792 413 1870 Ratisbonae
428 1795 458 1854 in
473 1793 614 1867 colloquio
636 1797 666 1852 et
684 1800 785 1855 contra
804 1795 1021 1856 vintoniensem
1041 1794 1195 1866 epistolam
1215 1793 1290 1855 nobis
1327 1806 1333 1867 ':

121 1898 152 1956 in
165 1897 321 1972 hospitium
335 1900 504 1959 transmisit.
705 1974 709 1982 .
1079 1945 1081 1948 Α
1329 1966 1333 1971 ,

211 2003 270 2062 Sub
291 2018 403 2064 coenam
425 2004 540 2064 Samuel
569 2020 659 2081 nepos
680 2003 802 2066 adduxit
829 2004 1093 2077 Schwartzbergum
1121 2001 1159 2062 de
1180 2001 1287 2064 Belen-

122 2108 195 2183 berg
209 2106 391 2169 etBaronem
400 2106 491 2168 filium
500 2109 668 2170 Fridericia
679 2107 929 2183 Schwarzenberg,
946 2109 1004 2183 qui,
1020 2107 1097 2181 quod
1108 2108 1220 2168 Jcanni
1231 2109 1289 2168 Fri·

122 2214 220 2275 darico
235 2214 353 2274 electori
366 2214 550 2288 militaverat,
567 2213 675 2274 ditione
690 2231 743 2275 sua
756 2216 899 2289 privatus,
916 2230 1001 2287 quam
1018 2213 1158 2273 Albertus
1172 2213 1291 2274 marchio
1326 2252 1333 2263 -

122 2335 158 2379 ex
173 2318 249 2379 dono
264 2335 390 2380 casareo
405 2323 491 2379 tenet.
516 2319 563 2378 Sic
577 2321 653 2379 servi
669 2319 777 2379 domini
794 2321 918 2393 exulem,
934 2319 1083 2400 helluones
1097 2319 1235 2394 papistici
1247 2318 1291 2379 do-

121 2424 216 2484 miniis
231 2425 353 2486 aliorum
366 2422 501 2484 fruuntur
516 2431 546 2486 et
558 2423 730 2485 helluantur.
760 2424 900 2486 Dominus
915 2429 1013 2485 tamen
1032 2439 1091 2484 uon
1112 2424 1290 2499 derelinquet
1324 2424 1329 2463 ³

122 2544 189 2591 suos
204 2531 235 2590 in
249 2529 344 2591 tinem.

211 2636 383 2710 Supervenit
398 2641 427 2695 et
441 2636 575 2696 Hoiensis
591 2637 773 2695 secretarius.

209 2739 289 2799 Nota
303 2742 469 2801 comitatum
483 2741 585 2799 Frisiae
599 2741 749 2800 orientalis
764 2756 826 2800 esse
840 2737 958 2802 feudum
973 2742 1108 2801 comitum
1129 2738 1289 2800 Hellandis

122 2843 161 2903 ad
175 2843 324 2916 imperium
338 2850 435 2903 mmen
449 2843 587 2903 hactenus
602 2846 750 2918 pertinuit,
767 2845 819 2904 sed
834 2861 909 2904 nunc
924 2861 959 2905 ea
973 2863 1021 2906 res
1035 2861 1067 2905 se
1082 2847 1215 2907 mutant.

211 2946 333 3008 Domine
347 2948 432 3021 lesu,
456 2951 506 3021 qui
519 2949 696 3022 paracletum
712 2949 858 3025 discipulis
878 2951 935 3010 tuis
956 2952 1112 3026 promisisti
1133 2956 1164 3011 et
1185 2949 1290 3020 misisti,

123 3068 236 3127 quoque
249 3069 302 3127 prc
315 3054 398 3114 nobis
413 3053 592 3115 intercedere
608 3054 733 3130 digneris
748 3057 825 3130 apud
838 3061 951 3130 patrem
966 3062 1048 3116 tuum
1063 3057 1222 3130 coelestem,
1238 3067 1288 3127 quo

121 3156 204 3219 nobis
227 3158 350 3219 eundem
374 3158 583 3219 consolatorem
603 3162 735 3233 spiritum
756 3162 899 3236 impartiri
919 3162 1001 3236 velit,
1025 3161 1074 3235 qui
1096 3162 1197 3219 omnia
1216 3157 1290 3218 nona

121 3270 270 3338 suggerat,
296 3269 329 3322 ut
347 3268 377 3323 et
396 3265 548 3338 praeceptis
569 3266 627 3325 tuis
649 3266 737 3327 dediti
757 3267 880 3326 eundem
899 3270 1011 3339 patrem
1030 3283 1083 3341 per
1095 3271 1126 3324 tc
1142 3266 1173 3324 in
1190 3264 1287 3341 spirita

121 3373 220 3427 sancto
235 3382 361 3428 amemus
376 3374 483 3428 etcum
498 3376 622 3430 tremore
637 3386 821 3432 revereamur
835 3373 865 3430 in
881 3373 1056 3445 sempiterna
1071 3370 1179 3430 secula.

210 3469 355 3534 Nunciata
377 3474 477 3534 eadem
500 3492 577 3536 mors
600 3475 722 3536 Joannis
744 3477 883 3552 Hilchen,
914 3477 1019 3551 equitis
1042 3477 1139 3535 aurati
1160 3481 1192 3535 et
1218 3469 1288 3533 mos

122 3578 264 3637 exercitus
280 3576 443 3640 Caesariani.

209 3682 308 3744 Abbas
331 3686 361 3743 in
376 3684 578 3761 Weingarten,
603 3686 651 3759 qui
677 3688 783 3760 etipse
805 3688 882 3747 inter
903 3691 995 3745 status
1019 3685 1132 3758 imperii
1147 3700 1230 3745 suam
1250 3680 1287 3759 (at
1319 3722 1333 3737 .

119 3786 236 3864 vocant)
259 3790 414 3850 sessionem
437 3795 467 3850 ct
487 3807 586 3850 vocem
607 3789 704 3864 habet,
728 3792 812 3852 homo
831 3792 914 3864 juxta
928 3792 1023 3850 carnis
1038 3789 1226 3865 prudentiam
1239 3800 1286 3847 non

120 3896 254 3954 exomni
279 3901 363 3971 parte
387 3893 522 3970 stolidus,
558 3895 626 3955 dum
646 3896 893 3970 sesquipedalibus
915 3895 1011 3955 verbis
1036 3893 1286 3956 comederetico

119 4003 277 4061 transactio
292 4007 435 4062 terrarum
450 4001 697 4061 haereditariarum
713 4001 835 4062 Caesaris
851 4016 915 4060 cum
936 4001 1057 4075 imperio
1072 4005 1127 4059 etc.
1143 4010 1285 4076 praepona·

121 4109 212 4180 ratur,
227 4107 277 4182 ait,
302 4107 356 4169 sibi
371 4106 464 4168 rideri
478 4120 537 4167 non
550 4106 689 4182 absimile,
709 4109 734 4168 si
756 4108 821 4182 quis
840 4107 979 4184 virginem
993 4106 1126 4167 nusum
1141 4104 1230 4167 alicui
1242 4111 1290 4179 μθ.
