<?xml version="1.0" encoding="UTF-8"?>
<!DOCTYPE html PUBLIC "-//W3C//DTD XHTML 1.0 Transitional//EN"
    "http://www.w3.org/TR/xhtml1/DTD/xhtml1-transitional.dtd">
<html xmlns="http://www.w3.org/1999/xhtml" xml:lang="en" lang="en">
 <head>
  <title>
</title>
<meta http-equiv="Content-Type" content="text/html;charset=utf-8" />
  <meta name='ocr-system' content='tesseract 3.04.00' />
  <meta name='ocr-capabilities' content='ocr_page ocr_carea ocr_par ocr_line ocrx_word'/>
</head>
<body>
  <div class='ocr_page' id='page_1' title='image "./desgrafenwolrad00trosgoog_0167.png"; bbox 0 0 2678 4546; ppageno 0'>
   <div class='ocr_carea' id='block_1_1' title="bbox 674 40 737 128">
    <p class='ocr_par' dir='ltr' id='par_1_1' title="bbox 674 40 737 128">
     <span class='ocr_line' id='line_1_1' title="bbox 674 40 737 128; baseline -0.016 0"><span class='ocrx_word' id='word_1_1' title='bbox 674 40 737 128; x_wconf 77' lang='lat' dir='ltr'><strong>aaa</strong></span> 
     </span>
    </p>
   </div>
   <div class='ocr_carea' id='block_1_2' title="bbox 118 242 1294 4174">
    <p class='ocr_par' dir='ltr' id='par_1_2' title="bbox 119 242 1294 942">
     <span class='ocr_line' id='line_1_2' title="bbox 120 242 1294 318; baseline -0.001 -10"><span class='ocrx_word' id='word_1_2' title='bbox 120 246 249 308; x_wconf 75' lang='lat' dir='ltr'><strong>audisset</strong></span> <span class='ocrx_word' id='word_1_3' title='bbox 260 247 300 305; x_wconf 86' lang='lat' dir='ltr'><strong>ab</strong></span> <span class='ocrx_word' id='word_1_4' title='bbox 313 245 430 317; x_wconf 72' lang='lat' dir='ltr'><strong>angelo:</strong></span> <span class='ocrx_word' id='word_1_5' title='bbox 453 243 556 300; x_wconf 81' lang='lat' dir='ltr'>Gratia</span> <span class='ocrx_word' id='word_1_6' title='bbox 571 244 689 316; x_wconf 76' lang='lat' dir='ltr'><strong>spiritus</strong></span> <span class='ocrx_word' id='word_1_7' title='bbox 708 259 731 300; x_wconf 91' lang='lat' dir='ltr'><strong>s.</strong></span> <span class='ocrx_word' id='word_1_8' title='bbox 753 242 935 302; x_wconf 81' lang='lat' dir='ltr'><strong>obumbrabit</strong></span> <span class='ocrx_word' id='word_1_9' title='bbox 954 250 992 316; x_wconf 88' lang='lat' dir='ltr'><strong>te,</strong></span> <span class='ocrx_word' id='word_1_10' title='bbox 1016 249 1046 302; x_wconf 93' lang='lat' dir='ltr'><strong>et</strong></span> <span class='ocrx_word' id='word_1_11' title='bbox 1065 246 1144 318; x_wconf 88' lang='lat' dir='ltr'><strong>quod</strong></span> <span class='ocrx_word' id='word_1_12' title='bbox 1163 251 1294 307; x_wconf 87' lang='lat' dir='ltr'><strong>nascetm</strong></span> 
     </span>
     <span class='ocr_line' id='line_1_3' title="bbox 120 346 1293 424; baseline 0 -13"><span class='ocrx_word' id='word_1_13' title='bbox 120 368 157 411; x_wconf 84' lang='lat' dir='ltr'><strong>ex</strong></span> <span class='ocrx_word' id='word_1_14' title='bbox 170 359 201 411; x_wconf 86' lang='lat' dir='ltr'><strong>te</strong></span> <span class='ocrx_word' id='word_1_15' title='bbox 215 355 345 409; x_wconf 86' lang='lat' dir='ltr'><strong>sanctum</strong></span> <span class='ocrx_word' id='word_1_16' title='bbox 366 346 441 406; x_wconf 87' lang='lat' dir='ltr'><strong>fitius</strong></span> <span class='ocrx_word' id='word_1_17' title='bbox 462 347 518 405; x_wconf 91' lang='lat' dir='ltr'><strong>Dei</strong></span> <span class='ocrx_word' id='word_1_18' title='bbox 537 347 687 406; x_wconf 85' lang='lat' dir='ltr'><strong>vocabitur</strong></span> <span class='ocrx_word' id='word_1_19' title='bbox 707 355 762 406; x_wconf 90' lang='lat' dir='ltr'><strong>etc.</strong></span> <span class='ocrx_word' id='word_1_20' title='bbox 800 348 866 406; x_wconf 86' lang='lat' dir='ltr'><strong>Non</strong></span> <span class='ocrx_word' id='word_1_21' title='bbox 887 363 952 405; x_wconf 85' lang='lat' dir='ltr'><strong>mox</strong></span> <span class='ocrx_word' id='word_1_22' title='bbox 973 350 1037 422; x_wconf 90' lang='lat' dir='ltr'><strong>ipsa</strong></span> <span class='ocrx_word' id='word_1_23' title='bbox 1056 351 1212 424; x_wconf 89' lang='lat' dir='ltr'><strong>superbior</strong></span> <span class='ocrx_word' id='word_1_24' title='bbox 1233 352 1293 411; x_wconf 87' lang='lat' dir='ltr'><strong>red·</strong></span> 
     </span>
     <span class='ocr_line' id='line_1_4' title="bbox 119 452 1292 528; baseline 0.002 -16"><span class='ocrx_word' id='word_1_25' title='bbox 119 453 183 514; x_wconf 86' lang='lat' dir='ltr'><strong>dita</strong></span> <span class='ocrx_word' id='word_1_26' title='bbox 204 460 257 527; x_wconf 90' lang='lat' dir='ltr'><strong>est,</strong></span> <span class='ocrx_word' id='word_1_27' title='bbox 278 453 332 512; x_wconf 86' lang='lat' dir='ltr'><strong>sed</strong></span> <span class='ocrx_word' id='word_1_28' title='bbox 351 469 383 511; x_wconf 90' lang='lat' dir='ltr'><strong>se</strong></span> <span class='ocrx_word' id='word_1_29' title='bbox 403 453 572 511; x_wconf 87' lang='lat' dir='ltr'><strong>submittens</strong></span> <span class='ocrx_word' id='word_1_30' title='bbox 592 452 646 509; x_wconf 87' lang='lat' dir='ltr'><strong>ait:</strong></span> <span class='ocrx_word' id='word_1_31' title='bbox 669 452 745 510; x_wconf 85' lang='lat' dir='ltr'><strong>Ecce</strong></span> <span class='ocrx_word' id='word_1_32' title='bbox 767 453 872 511; x_wconf 88' lang='lat' dir='ltr'><strong>ancilia</strong></span> <span class='ocrx_word' id='word_1_33' title='bbox 890 453 998 512; x_wconf 90' lang='lat' dir='ltr'><strong>domini</strong></span> <span class='ocrx_word' id='word_1_34' title='bbox 1019 458 1090 528; x_wconf 79' lang='lat' dir='ltr'><strong>eto,</strong></span> <span class='ocrx_word' id='word_1_35' title='bbox 1113 472 1180 513; x_wconf 90' lang='lat' dir='ltr'><strong>cum</strong></span> <span class='ocrx_word' id='word_1_36' title='bbox 1202 461 1292 514; x_wconf 89' lang='lat' dir='ltr'><strong>tamen</strong></span> 
     </span>
     <span class='ocr_line' id='line_1_5' title="bbox 121 555 1293 632; baseline 0.002 -17"><span class='ocrx_word' id='word_1_37' title='bbox 121 558 193 616; x_wconf 76' lang='lat' dir='ltr'><strong>minii</strong></span> <span class='ocrx_word' id='word_1_38' title='bbox 206 557 383 616; x_wconf 80' lang='lat' dir='ltr'><strong>dubitaverit</strong></span> <span class='ocrx_word' id='word_1_39' title='bbox 394 574 427 615; x_wconf 88' lang='lat' dir='ltr'><strong>se</strong></span> <span class='ocrx_word' id='word_1_40' title='bbox 440 556 565 616; x_wconf 84' lang='lat' dir='ltr'><strong>futuram</strong></span> <span class='ocrx_word' id='word_1_41' title='bbox 580 561 700 614; x_wconf 88' lang='lat' dir='ltr'><strong>matrem</strong></span> <span class='ocrx_word' id='word_1_42' title='bbox 715 555 786 614; x_wconf 84' lang='lat' dir='ltr'><strong>Jesu</strong></span> <span class='ocrx_word' id='word_1_43' title='bbox 805 555 921 614; x_wconf 78' lang='lat' dir='ltr'><strong>Christi.</strong></span> <span class='ocrx_word' id='word_1_44' title='bbox 959 557 1032 614; x_wconf 87' lang='lat' dir='ltr'><strong>item</strong></span> <span class='ocrx_word' id='word_1_45' title='bbox 1052 559 1217 632; x_wconf 85' lang='lat' dir='ltr'><strong>exemplum</strong></span> <span class='ocrx_word' id='word_1_46' title='bbox 1230 559 1293 617; x_wconf 80' lang='lat' dir='ltr'><strong>Abi·</strong></span> 
     </span>
     <span class='ocr_line' id='line_1_6' title="bbox 120 660 1292 735; baseline 0.003 -17"><span class='ocrx_word' id='word_1_47' title='bbox 120 662 188 735; x_wconf 81' lang='lat' dir='ltr'><strong>gaii,</strong></span> <span class='ocrx_word' id='word_1_48' title='bbox 211 677 242 719; x_wconf 93' lang='lat' dir='ltr'><strong>se</strong></span> <span class='ocrx_word' id='word_1_49' title='bbox 258 678 315 719; x_wconf 92' lang='lat' dir='ltr'><strong>non</strong></span> <span class='ocrx_word' id='word_1_50' title='bbox 330 661 491 720; x_wconf 84' lang='lat' dir='ltr'><strong>extollentis</strong></span> <span class='ocrx_word' id='word_1_51' title='bbox 506 676 570 718; x_wconf 89' lang='lat' dir='ltr'><strong>cum</strong></span> <span class='ocrx_word' id='word_1_52' title='bbox 585 665 698 718; x_wconf 88' lang='lat' dir='ltr'><strong>mortno</strong></span> <span class='ocrx_word' id='word_1_53' title='bbox 717 676 770 718; x_wconf 91' lang='lat' dir='ltr'><strong>suo</strong></span> <span class='ocrx_word' id='word_1_54' title='bbox 789 662 893 719; x_wconf 88' lang='lat' dir='ltr'><strong>marito</strong></span> <span class='ocrx_word' id='word_1_55' title='bbox 908 660 1003 718; x_wconf 77' lang='lat' dir='ltr'><strong>Nabal</strong></span> <span class='ocrx_word' id='word_1_56' title='bbox 1022 677 1041 720; x_wconf 89' lang='lat' dir='ltr'><strong>a</strong></span> <span class='ocrx_word' id='word_1_57' title='bbox 1055 662 1170 721; x_wconf 82' lang='lat' dir='ltr'><strong>Daride</strong></span> <span class='ocrx_word' id='word_1_58' title='bbox 1184 664 1216 721; x_wconf 90' lang='lat' dir='ltr'><strong>in</strong></span> <span class='ocrx_word' id='word_1_59' title='bbox 1231 679 1292 721; x_wconf 91' lang='lat' dir='ltr'><strong>con-</strong></span> 
     </span>
     <span class='ocr_line' id='line_1_7' title="bbox 119 761 1292 838; baseline 0.001 -14"><span class='ocrx_word' id='word_1_60' title='bbox 119 770 226 824; x_wconf 89' lang='lat' dir='ltr'><strong>sortem</strong></span> <span class='ocrx_word' id='word_1_61' title='bbox 245 767 328 838; x_wconf 82' lang='lat' dir='ltr'><strong>regni</strong></span> <span class='ocrx_word' id='word_1_62' title='bbox 348 770 558 837; x_wconf 64' lang='lat' dir='ltr'>accerseretur,</span> <span class='ocrx_word' id='word_1_63' title='bbox 581 764 633 822; x_wconf 91' lang='lat' dir='ltr'><strong>sed</strong></span> <span class='ocrx_word' id='word_1_64' title='bbox 653 763 802 822; x_wconf 89' lang='lat' dir='ltr'><strong>humiliata</strong></span> <span class='ocrx_word' id='word_1_65' title='bbox 822 765 876 822; x_wconf 90' lang='lat' dir='ltr'><strong>ait:</strong></span> <span class='ocrx_word' id='word_1_66' title='bbox 904 761 979 822; x_wconf 83' lang='lat' dir='ltr'><strong>Ecce</strong></span> <span class='ocrx_word' id='word_1_67' title='bbox 999 766 1038 823; x_wconf 91' lang='lat' dir='ltr'><strong>sit</strong></span> <span class='ocrx_word' id='word_1_68' title='bbox 1058 766 1164 823; x_wconf 88' lang='lat' dir='ltr'><strong>anciila</strong></span> <span class='ocrx_word' id='word_1_69' title='bbox 1185 773 1237 826; x_wconf 91' lang='lat' dir='ltr'><strong>tua</strong></span> <span class='ocrx_word' id='word_1_70' title='bbox 1255 767 1292 825; x_wconf 84' lang='lat' dir='ltr'><strong>ia-</strong></span> 
     </span>
     <span class='ocr_line' id='line_1_8' title="bbox 120 868 1122 942; baseline -0.002 -13"><span class='ocrx_word' id='word_1_71' title='bbox 120 870 198 929; x_wconf 88' lang='lat' dir='ltr'><strong>muia</strong></span> <span class='ocrx_word' id='word_1_72' title='bbox 212 875 244 928; x_wconf 91' lang='lat' dir='ltr'><strong>ut</strong></span> <span class='ocrx_word' id='word_1_73' title='bbox 258 870 335 928; x_wconf 75' lang='lat' dir='ltr'><strong>bret</strong></span> <span class='ocrx_word' id='word_1_74' title='bbox 349 868 437 942; x_wconf 90' lang='lat' dir='ltr'><strong>pedes</strong></span> <span class='ocrx_word' id='word_1_75' title='bbox 451 885 599 927; x_wconf 82' lang='lat' dir='ltr'><strong>servorum</strong></span> <span class='ocrx_word' id='word_1_76' title='bbox 615 868 721 926; x_wconf 90' lang='lat' dir='ltr'><strong>domini</strong></span> <span class='ocrx_word' id='word_1_77' title='bbox 735 868 791 925; x_wconf 90' lang='lat' dir='ltr'><strong>mei</strong></span> <span class='ocrx_word' id='word_1_78' title='bbox 805 873 859 926; x_wconf 90' lang='lat' dir='ltr'><strong>etc.</strong></span> <span class='ocrx_word' id='word_1_79' title='bbox 880 873 893 925; x_wconf 95' lang='lat' dir='ltr'>l</span> <span class='ocrx_word' id='word_1_80' title='bbox 913 869 1052 927; x_wconf 86' lang='lat' dir='ltr'><strong>Samuelis</strong></span> <span class='ocrx_word' id='word_1_81' title='bbox 1070 873 1122 927; x_wconf 82' lang='lat'><strong>25.</strong></span> 
     </span>
    </p>

    <p class='ocr_par' dir='ltr' id='par_1_3' title="bbox 124 972 1292 1154">
     <span class='ocr_line' id='line_1_9' title="bbox 210 972 1292 1046; baseline 0 -14"><span class='ocrx_word' id='word_1_82' title='bbox 210 973 359 1032; x_wconf 80' lang='lat' dir='ltr'><strong>Liberium</strong></span> <span class='ocrx_word' id='word_1_83' title='bbox 373 981 442 1032; x_wconf 88' lang='lat' dir='ltr'><strong>ante</strong></span> <span class='ocrx_word' id='word_1_84' title='bbox 456 974 605 1032; x_wconf 84' lang='lat' dir='ltr'><strong>meridiem</strong></span> <span class='ocrx_word' id='word_1_85' title='bbox 620 987 678 1029; x_wconf 95' lang='lat' dir='ltr'><strong>non</strong></span> <span class='ocrx_word' id='word_1_86' title='bbox 693 972 824 1030; x_wconf 84' lang='lat' dir='ltr'><strong>vidimus.</strong></span> <span class='ocrx_word' id='word_1_87' title='bbox 849 973 975 1044; x_wconf 87' lang='lat' dir='ltr'><strong>Quaestio</strong></span> <span class='ocrx_word' id='word_1_88' title='bbox 991 973 1028 1031; x_wconf 91' lang='lat' dir='ltr'><strong>de</strong></span> <span class='ocrx_word' id='word_1_89' title='bbox 1042 975 1211 1046; x_wconf 67' lang='lat' dir='ltr'><strong>aequalitate</strong></span> <span class='ocrx_word' id='word_1_90' title='bbox 1226 991 1292 1033; x_wconf 93' lang='lat' dir='ltr'><strong>com·</strong></span> 
     </span>
     <span class='ocr_line' id='line_1_10' title="bbox 124 1080 292 1154; baseline -0.012 -16"><span class='ocrx_word' id='word_1_91' title='bbox 124 1080 292 1154; x_wconf 72' lang='lat' dir='ltr'><strong>putationis.</strong></span> 
     </span>
    </p>

    <p class='ocr_par' dir='ltr' id='par_1_4' title="bbox 118 1180 1293 3024">
     <span class='ocr_line' id='line_1_11' title="bbox 209 1180 1292 1256; baseline 0 -14"><span class='ocrx_word' id='word_1_92' title='bbox 209 1183 319 1242; x_wconf 90' lang='lat' dir='ltr'><strong>Eadem</strong></span> <span class='ocrx_word' id='word_1_93' title='bbox 334 1183 407 1240; x_wconf 89' lang='lat' dir='ltr'><strong>bora</strong></span> <span class='ocrx_word' id='word_1_94' title='bbox 421 1184 507 1242; x_wconf 86' lang='lat' dir='ltr'><strong>tertia</strong></span> <span class='ocrx_word' id='word_1_95' title='bbox 522 1181 720 1256; x_wconf 85' lang='lat' dir='ltr'><strong>pomeridiana</strong></span> <span class='ocrx_word' id='word_1_96' title='bbox 732 1181 865 1239; x_wconf 87' lang='lat' dir='ltr'><strong>dominus</strong></span> <span class='ocrx_word' id='word_1_97' title='bbox 879 1180 1008 1240; x_wconf 87' lang='lat' dir='ltr'><strong>Joannes</strong></span> <span class='ocrx_word' id='word_1_98' title='bbox 1024 1181 1169 1240; x_wconf 89' lang='lat' dir='ltr'><strong>Henricus</strong></span> <span class='ocrx_word' id='word_1_99' title='bbox 1184 1183 1216 1241; x_wconf 90' lang='lat' dir='ltr'><strong>iu</strong></span> <span class='ocrx_word' id='word_1_100' title='bbox 1230 1189 1292 1242; x_wconf 86' lang='lat' dir='ltr'><strong>tam</strong></span> 
     </span>
     <span class='ocr_line' id='line_1_12' title="bbox 122 1283 1292 1360; baseline 0.001 -15"><span class='ocrx_word' id='word_1_101' title='bbox 122 1289 171 1360; x_wconf 93' lang='lat' dir='ltr'><strong>plo</strong></span> <span class='ocrx_word' id='word_1_102' title='bbox 184 1287 315 1345; x_wconf 87' lang='lat' dir='ltr'><strong>Mauritii</strong></span> <span class='ocrx_word' id='word_1_103' title='bbox 334 1302 372 1345; x_wconf 86' lang='lat' dir='ltr'><strong>ex</strong></span> <span class='ocrx_word' id='word_1_104' title='bbox 391 1303 454 1360; x_wconf 89' lang='lat' dir='ltr'><strong>cap.</strong></span> <span class='ocrx_word' id='word_1_105' title='bbox 481 1292 520 1345; x_wconf 90' lang='grc'><strong>14</strong></span> <span class='ocrx_word' id='word_1_106' title='bbox 541 1287 667 1360; x_wconf 79' lang='lat' dir='ltr'><strong>epistola</strong></span> <span class='ocrx_word' id='word_1_107' title='bbox 687 1287 726 1345; x_wconf 89' lang='lat' dir='ltr'><strong>ad</strong></span> <span class='ocrx_word' id='word_1_108' title='bbox 740 1287 884 1345; x_wconf 90' lang='lat' dir='ltr'><strong>Romanos</strong></span> <span class='ocrx_word' id='word_1_109' title='bbox 905 1285 942 1344; x_wconf 93' lang='lat' dir='ltr'><strong>dc</strong></span> <span class='ocrx_word' id='word_1_110' title='bbox 958 1286 1072 1344; x_wconf 86' lang='lat' dir='ltr'><strong>delectu</strong></span> <span class='ocrx_word' id='word_1_111' title='bbox 1087 1283 1217 1345; x_wconf 89' lang='lat' dir='ltr'><strong>ciborum</strong></span> <span class='ocrx_word' id='word_1_112' title='bbox 1232 1305 1292 1346; x_wconf 85' lang='lat' dir='ltr'><strong>con</strong></span> 
     </span>
     <span class='ocr_line' id='line_1_13' title="bbox 124 1389 1293 1464; baseline -0.002 -15"><span class='ocrx_word' id='word_1_113' title='bbox 124 1391 256 1450; x_wconf 75' lang='lat' dir='ltr'><strong>donatus</strong></span> <span class='ocrx_word' id='word_1_114' title='bbox 271 1397 324 1464; x_wconf 84' lang='lat' dir='ltr'><strong>eat,</strong></span> <span class='ocrx_word' id='word_1_115' title='bbox 348 1391 503 1450; x_wconf 84' lang='lat' dir='ltr'><strong>osteudens</strong></span> <span class='ocrx_word' id='word_1_116' title='bbox 519 1392 665 1450; x_wconf 85' lang='lat' dir='ltr'><strong>ecclesiam</strong></span> <span class='ocrx_word' id='word_1_117' title='bbox 680 1391 839 1448; x_wconf 81' lang='lat' dir='ltr'><strong>Romanam</strong></span> <span class='ocrx_word' id='word_1_118' title='bbox 858 1405 895 1446; x_wconf 80' lang='lat' dir='ltr'><strong>ex</strong></span> <span class='ocrx_word' id='word_1_119' title='bbox 913 1389 1022 1447; x_wconf 76' lang='lat' dir='ltr'><strong>iudaeis</strong></span> <span class='ocrx_word' id='word_1_120' title='bbox 1042 1396 1072 1448; x_wconf 93' lang='lat' dir='ltr'><strong>et</strong></span> <span class='ocrx_word' id='word_1_121' title='bbox 1093 1390 1230 1463; x_wconf 80' lang='lat' dir='ltr'><strong>gentibus</strong></span> <span class='ocrx_word' id='word_1_122' title='bbox 1244 1391 1293 1450; x_wconf 93' lang='lat' dir='ltr'><strong>col·</strong></span> 
     </span>
     <span class='ocr_line' id='line_1_14' title="bbox 122 1491 1292 1568; baseline 0.001 -16"><span class='ocrx_word' id='word_1_123' title='bbox 122 1494 225 1554; x_wconf 85' lang='lat' dir='ltr'><strong>tectam</strong></span> <span class='ocrx_word' id='word_1_124' title='bbox 243 1494 274 1552; x_wconf 89' lang='lat' dir='ltr'><strong>in</strong></span> <span class='ocrx_word' id='word_1_125' title='bbox 289 1495 412 1554; x_wconf 81' lang='lat' dir='ltr'><strong>articulo</strong></span> <span class='ocrx_word' id='word_1_126' title='bbox 425 1496 463 1554; x_wconf 91' lang='lat' dir='ltr'><strong>de</strong></span> <span class='ocrx_word' id='word_1_127' title='bbox 474 1493 680 1568; x_wconf 73' lang='lat' dir='ltr'><strong>iustificatione</strong></span> <span class='ocrx_word' id='word_1_128' title='bbox 695 1493 864 1552; x_wconf 80' lang='lat' dir='ltr'><strong>concordem</strong></span> <span class='ocrx_word' id='word_1_129' title='bbox 878 1491 975 1564; x_wconf 85' lang='lat' dir='ltr'><strong>inisse,</strong></span> <span class='ocrx_word' id='word_1_130' title='bbox 999 1495 1040 1552; x_wconf 90' lang='lat' dir='ltr'><strong>ita</strong></span> <span class='ocrx_word' id='word_1_131' title='bbox 1055 1500 1088 1553; x_wconf 91' lang='lat' dir='ltr'><strong>ut</strong></span> <span class='ocrx_word' id='word_1_132' title='bbox 1101 1510 1191 1559; x_wconf 86' lang='lat' dir='ltr'><strong>unam</strong></span> <span class='ocrx_word' id='word_1_133' title='bbox 1206 1493 1292 1568; x_wconf 86' lang='lat' dir='ltr'><strong>tidem,</strong></span> 
     </span>
     <span class='ocr_line' id='line_1_15' title="bbox 122 1597 1292 1672; baseline -0.001 -15"><span class='ocrx_word' id='word_1_134' title='bbox 122 1615 210 1657; x_wconf 90' lang='lat' dir='ltr'><strong>unum</strong></span> <span class='ocrx_word' id='word_1_135' title='bbox 226 1599 368 1672; x_wconf 86' lang='lat' dir='ltr'><strong>baptisma</strong></span> <span class='ocrx_word' id='word_1_136' title='bbox 388 1606 419 1659; x_wconf 91' lang='lat' dir='ltr'><strong>et</strong></span> <span class='ocrx_word' id='word_1_137' title='bbox 439 1617 526 1658; x_wconf 90' lang='lat' dir='ltr'><strong>unum</strong></span> <span class='ocrx_word' id='word_1_138' title='bbox 547 1600 640 1658; x_wconf 85' lang='lat' dir='ltr'><strong>Deam</strong></span> <span class='ocrx_word' id='word_1_139' title='bbox 660 1605 772 1672; x_wconf 86' lang='lat' dir='ltr'><strong>patrem</strong></span> <span class='ocrx_word' id='word_1_140' title='bbox 792 1597 898 1655; x_wconf 89' lang='lat' dir='ltr'><strong>domini</strong></span> <span class='ocrx_word' id='word_1_141' title='bbox 919 1599 1011 1655; x_wconf 83' lang='lat' dir='ltr'><strong>nostri</strong></span> <span class='ocrx_word' id='word_1_142' title='bbox 1031 1597 1103 1656; x_wconf 87' lang='lat' dir='ltr'><strong>Jesu</strong></span> <span class='ocrx_word' id='word_1_143' title='bbox 1125 1597 1235 1657; x_wconf 82' lang='lat' dir='ltr'><strong>Christi</strong></span> <span class='ocrx_word' id='word_1_144' title='bbox 1248 1599 1292 1656; x_wconf 86' lang='lat' dir='ltr'><strong>ha-</strong></span> 
     </span>
     <span class='ocr_line' id='line_1_16' title="bbox 122 1702 1293 1778; baseline -0.002 -16"><span class='ocrx_word' id='word_1_145' title='bbox 122 1702 233 1776; x_wconf 90' lang='lat' dir='ltr'><strong>berent,</strong></span> <span class='ocrx_word' id='word_1_146' title='bbox 256 1704 286 1761; x_wconf 93' lang='lat' dir='ltr'><strong>in</strong></span> <span class='ocrx_word' id='word_1_147' title='bbox 297 1703 463 1778; x_wconf 80' lang='lat' dir='ltr'><strong>adiaphoris</strong></span> <span class='ocrx_word' id='word_1_148' title='bbox 478 1708 573 1763; x_wconf 91' lang='lat' dir='ltr'><strong>autern</strong></span> <span class='ocrx_word' id='word_1_149' title='bbox 588 1703 663 1761; x_wconf 89' lang='lat' dir='ltr'><strong>inter</strong></span> <span class='ocrx_word' id='word_1_150' title='bbox 678 1703 755 1776; x_wconf 89' lang='lat' dir='ltr'><strong>ipsas</strong></span> <span class='ocrx_word' id='word_1_151' title='bbox 770 1706 898 1759; x_wconf 81' lang='lat' dir='ltr'><strong>coortam</strong></span> <span class='ocrx_word' id='word_1_152' title='bbox 913 1702 1128 1760; x_wconf 83' lang='lat' dir='ltr'><strong>contentionem</strong></span> <span class='ocrx_word' id='word_1_153' title='bbox 1143 1708 1200 1761; x_wconf 85' lang='lat' dir='ltr'><strong>etc.</strong></span> <span class='ocrx_word' id='word_1_154' title='bbox 1216 1718 1293 1776; x_wconf 85' lang='lat' dir='ltr'><strong>quan</strong></span> 
     </span>
     <span class='ocr_line' id='line_1_17' title="bbox 123 1794 1291 1881; baseline -0.002 -14"><span class='ocrx_word' id='word_1_155' title='bbox 123 1808 152 1867; x_wconf 90' lang='lat' dir='ltr'><strong>d.</strong></span> <span class='ocrx_word' id='word_1_156' title='bbox 168 1807 275 1866; x_wconf 88' lang='lat' dir='ltr'><strong>Paulus</strong></span> <span class='ocrx_word' id='word_1_157' title='bbox 290 1809 331 1866; x_wconf 83' lang='lat' dir='ltr'><strong>ita</strong></span> <span class='ocrx_word' id='word_1_158' title='bbox 346 1809 513 1881; x_wconf 84' lang='lat' dir='ltr'><strong>composuit,</strong></span> <span class='ocrx_word' id='word_1_159' title='bbox 537 1812 569 1865; x_wconf 90' lang='lat' dir='ltr'><strong>ut</strong></span> <span class='ocrx_word' id='word_1_160' title='bbox 589 1814 677 1881; x_wconf 80' lang='lat' dir='ltr'><strong>supra</strong></span> <span class='ocrx_word' id='word_1_161' title='bbox 697 1804 835 1879; x_wconf 88' lang='lat' dir='ltr'><strong>ejusmodi</strong></span> <span class='ocrx_word' id='word_1_162' title='bbox 855 1821 913 1863; x_wconf 93' lang='lat' dir='ltr'><strong>non</strong></span> <span class='ocrx_word' id='word_1_163' title='bbox 934 1794 1160 1864; x_wconf 77' lang='lat' dir='ltr'><strong>concertandum</strong></span> <span class='ocrx_word' id='word_1_164' title='bbox 1172 1807 1291 1865; x_wconf 85' lang='lat' dir='ltr'><strong>doceret</strong></span> 
     </span>
     <span class='ocr_line' id='line_1_18' title="bbox 121 1898 1292 1985; baseline 0 -15"><span class='ocrx_word' id='word_1_165' title='bbox 121 1912 228 1972; x_wconf 86' lang='lat' dir='ltr'><strong>Docuit</strong></span> <span class='ocrx_word' id='word_1_166' title='bbox 249 1914 346 1985; x_wconf 75' lang='lat' dir='ltr'><strong>unque</strong></span> <span class='ocrx_word' id='word_1_167' title='bbox 369 1929 455 1985; x_wconf 87' lang='lat' dir='ltr'><strong>quam</strong></span> <span class='ocrx_word' id='word_1_168' title='bbox 478 1913 564 1970; x_wconf 83' lang='lat' dir='ltr'><strong>noxia</strong></span> <span class='ocrx_word' id='word_1_169' title='bbox 584 1928 631 1970; x_wconf 88' lang='lat' dir='ltr'><strong>res</strong></span> <span class='ocrx_word' id='word_1_170' title='bbox 655 1898 701 1968; x_wconf 54' lang='lat' dir='ltr'><strong>sit&#39;</strong></span> <span class='ocrx_word' id='word_1_171' title='bbox 714 1909 751 1968; x_wconf 87' lang='lat' dir='ltr'><strong>de</strong></span> <span class='ocrx_word' id='word_1_172' title='bbox 773 1910 808 1968; x_wconf 85' lang='lat' dir='ltr'><strong>iis</strong></span> <span class='ocrx_word' id='word_1_173' title='bbox 829 1909 915 1968; x_wconf 91' lang='lat' dir='ltr'><strong>rebus</strong></span> <span class='ocrx_word' id='word_1_174' title='bbox 936 1909 1109 1983; x_wconf 87' lang='lat' dir='ltr'><strong>disceptare,</strong></span> <span class='ocrx_word' id='word_1_175' title='bbox 1133 1927 1201 1983; x_wconf 82' lang='lat' dir='ltr'><strong>qnae</strong></span> <span class='ocrx_word' id='word_1_176' title='bbox 1215 1910 1292 1970; x_wconf 86' lang='lat' dir='ltr'><strong>fidem</strong></span> 
     </span>
     <span class='ocr_line' id='line_1_19' title="bbox 121 2014 1291 2088; baseline -0.002 -14"><span class='ocrx_word' id='word_1_177' title='bbox 121 2016 168 2074; x_wconf 82' lang='lat' dir='ltr'><strong>vei</strong></span> <span class='ocrx_word' id='word_1_178' title='bbox 182 2033 284 2088; x_wconf 82' lang='lat' dir='ltr'><strong>pamm</strong></span> <span class='ocrx_word' id='word_1_179' title='bbox 299 2017 344 2075; x_wconf 85' lang='lat' dir='ltr'><strong>vei</strong></span> <span class='ocrx_word' id='word_1_180' title='bbox 359 2016 429 2074; x_wconf 90' lang='lat' dir='ltr'><strong>nihii</strong></span> <span class='ocrx_word' id='word_1_181' title='bbox 443 2021 626 2074; x_wconf 84' lang='lat' dir='ltr'><strong>concernant</strong></span> <span class='ocrx_word' id='word_1_182' title='bbox 658 2015 728 2074; x_wconf 88' lang='lat' dir='ltr'><strong>Cum</strong></span> <span class='ocrx_word' id='word_1_183' title='bbox 746 2014 870 2086; x_wconf 82' lang='lat' dir='ltr'><strong>dommo,</strong></span> <span class='ocrx_word' id='word_1_184' title='bbox 887 2015 968 2086; x_wconf 89' lang='lat' dir='ltr'><strong>cujus</strong></span> <span class='ocrx_word' id='word_1_185' title='bbox 983 2030 1083 2074; x_wconf 90' lang='lat' dir='ltr'><strong>omues</strong></span> <span class='ocrx_word' id='word_1_186' title='bbox 1099 2016 1178 2072; x_wconf 85' lang='lat' dir='ltr'><strong>servi</strong></span> <span class='ocrx_word' id='word_1_187' title='bbox 1192 2032 1291 2086; x_wconf 84' lang='lat' dir='ltr'><strong>sumus,</strong></span> 
     </span>
     <span class='ocr_line' id='line_1_20' title="bbox 120 2117 1291 2194; baseline -0.001 -16"><span class='ocrx_word' id='word_1_188' title='bbox 120 2125 240 2179; x_wconf 86' lang='lat' dir='ltr'><strong>etanta</strong></span> <span class='ocrx_word' id='word_1_189' title='bbox 262 2123 342 2194; x_wconf 85' lang='lat' dir='ltr'><strong>cujus</strong></span> <span class='ocrx_word' id='word_1_190' title='bbox 364 2122 491 2180; x_wconf 90' lang='lat' dir='ltr'><strong>tribunal</strong></span> <span class='ocrx_word' id='word_1_191' title='bbox 510 2137 607 2179; x_wconf 88' lang='lat' dir='ltr'><strong>omnes</strong></span> <span class='ocrx_word' id='word_1_192' title='bbox 632 2124 805 2191; x_wconf 88' lang='lat' dir='ltr'><strong>statuemur,</strong></span> <span class='ocrx_word' id='word_1_193' title='bbox 829 2117 892 2175; x_wconf 88' lang='lat' dir='ltr'><strong>haec</strong></span> <span class='ocrx_word' id='word_1_194' title='bbox 914 2117 1099 2190; x_wconf 89' lang='lat' dir='ltr'><strong>dijudicanda</strong></span> <span class='ocrx_word' id='word_1_195' title='bbox 1120 2125 1198 2178; x_wconf 91' lang='lat' dir='ltr'><strong>suut.</strong></span> <span class='ocrx_word' id='word_1_196' title='bbox 1238 2120 1291 2177; x_wconf 83' lang='lat' dir='ltr'><strong>Nec</strong></span> 
     </span>
     <span class='ocr_line' id='line_1_21' title="bbox 121 2204 1290 2299; baseline 0 -17"><span class='ocrx_word' id='word_1_197' title='bbox 121 2223 249 2296; x_wconf 86' lang='lat' dir='ltr'><strong>obticuit,</strong></span> <span class='ocrx_word' id='word_1_198' title='bbox 273 2225 416 2295; x_wconf 90' lang='lat' dir='ltr'><strong>quomado</strong></span> <span class='ocrx_word' id='word_1_199' title='bbox 435 2224 470 2297; x_wconf 94' lang='lat' dir='ltr'><strong>ii,</strong></span> <span class='ocrx_word' id='word_1_200' title='bbox 495 2204 551 2296; x_wconf 63' lang='lat' dir='ltr'><strong>qui&#39;</strong></span> <span class='ocrx_word' id='word_1_201' title='bbox 562 2223 724 2282; x_wconf 84' lang='lat' dir='ltr'><strong>libertatem</strong></span> <span class='ocrx_word' id='word_1_202' title='bbox 743 2223 885 2295; x_wconf 82' lang='lat' dir='ltr'><strong>evangelii</strong></span> <span class='ocrx_word' id='word_1_203' title='bbox 905 2221 960 2279; x_wconf 92' lang='lat' dir='ltr'><strong>hoc</strong></span> <span class='ocrx_word' id='word_1_204' title='bbox 979 2238 1041 2281; x_wconf 83' lang='lat' dir='ltr'><strong>aevo</strong></span> <span class='ocrx_word' id='word_1_205' title='bbox 1062 2240 1121 2282; x_wconf 92' lang='lat' dir='ltr'><strong>non</strong></span> <span class='ocrx_word' id='word_1_206' title='bbox 1140 2240 1290 2299; x_wconf 75' lang='lat' dir='ltr'><strong>aspernor</strong></span> 
     </span>
     <span class='ocr_line' id='line_1_22' title="bbox 121 2316 1290 2402; baseline 0 -17"><span class='ocrx_word' id='word_1_207' title='bbox 121 2333 178 2400; x_wconf 89' lang='lat' dir='ltr'><strong>tur,</strong></span> <span class='ocrx_word' id='word_1_208' title='bbox 201 2329 239 2388; x_wconf 87' lang='lat' dir='ltr'><strong>ab</strong></span> <span class='ocrx_word' id='word_1_209' title='bbox 260 2328 432 2386; x_wconf 85' lang='lat' dir='ltr'><strong>adversariis</strong></span> <span class='ocrx_word' id='word_1_210' title='bbox 454 2332 484 2385; x_wconf 90' lang='lat' dir='ltr'><strong>et</strong></span> <span class='ocrx_word' id='word_1_211' title='bbox 503 2335 722 2387; x_wconf 86' lang='lat' dir='ltr'><strong>contemnantur</strong></span> <span class='ocrx_word' id='word_1_212' title='bbox 743 2333 772 2385; x_wconf 89' lang='lat' dir='ltr'><strong>et</strong></span> <span class='ocrx_word' id='word_1_213' title='bbox 792 2316 961 2386; x_wconf 86' lang='lat' dir='ltr'><strong>tractentur.</strong></span> <span class='ocrx_word' id='word_1_214' title='bbox 998 2328 1072 2384; x_wconf 90' lang='lat' dir='ltr'><strong>ltem</strong></span> <span class='ocrx_word' id='word_1_215' title='bbox 1091 2328 1171 2400; x_wconf 87' lang='lat' dir='ltr'><strong>quod</strong></span> <span class='ocrx_word' id='word_1_216' title='bbox 1186 2329 1226 2402; x_wconf 88' lang='lat' dir='ltr'><strong>bi,</strong></span> <span class='ocrx_word' id='word_1_217' title='bbox 1249 2327 1290 2401; x_wconf 85' lang='lat' dir='ltr'><strong>qui</strong></span> 
     </span>
     <span class='ocr_line' id='line_1_23' title="bbox 121 2430 1290 2506; baseline -0.001 -15"><span class='ocrx_word' id='word_1_218' title='bbox 121 2433 270 2506; x_wconf 78' lang='lat' dir='ltr'><strong>evangelio</strong></span> <span class='ocrx_word' id='word_1_219' title='bbox 285 2451 338 2492; x_wconf 90' lang='lat' dir='ltr'><strong>sua</strong></span> <span class='ocrx_word' id='word_1_220' title='bbox 352 2433 467 2491; x_wconf 89' lang='lat' dir='ltr'><strong>nomina</strong></span> <span class='ocrx_word' id='word_1_221' title='bbox 481 2431 593 2492; x_wconf 86' lang='lat' dir='ltr'><strong>dedisse</strong></span> <span class='ocrx_word' id='word_1_222' title='bbox 613 2433 704 2491; x_wconf 84' lang='lat' dir='ltr'><strong>videri</strong></span> <span class='ocrx_word' id='word_1_223' title='bbox 725 2432 832 2504; x_wconf 88' lang='lat' dir='ltr'><strong>volunt,</strong></span> <span class='ocrx_word' id='word_1_224' title='bbox 857 2438 940 2489; x_wconf 90' lang='lat' dir='ltr'><strong>nocte</strong></span> <span class='ocrx_word' id='word_1_225' title='bbox 960 2430 1066 2502; x_wconf 88' lang='lat' dir='ltr'><strong>diuque</strong></span> <span class='ocrx_word' id='word_1_226' title='bbox 1086 2432 1290 2490; x_wconf 74' lang='lat' dir='ltr'><strong>comessationi</strong></span> 
     </span>
     <span class='ocr_line' id='line_1_24' title="bbox 120 2534 1288 2610; baseline -0.001 -15"><span class='ocrx_word' id='word_1_227' title='bbox 120 2537 174 2596; x_wconf 91' lang='lat' dir='ltr'><strong>bus</strong></span> <span class='ocrx_word' id='word_1_228' title='bbox 196 2537 321 2610; x_wconf 90' lang='lat' dir='ltr'><strong>inhiant,</strong></span> <span class='ocrx_word' id='word_1_229' title='bbox 346 2537 416 2595; x_wconf 88' lang='lat' dir='ltr'><strong>nihii</strong></span> <span class='ocrx_word' id='word_1_230' title='bbox 439 2538 577 2596; x_wconf 88' lang='lat' dir='ltr'><strong>donorum</strong></span> <span class='ocrx_word' id='word_1_231' title='bbox 597 2538 651 2596; x_wconf 92' lang='lat' dir='ltr'><strong>Dei</strong></span> <span class='ocrx_word' id='word_1_232' title='bbox 670 2552 733 2594; x_wconf 91' lang='lat' dir='ltr'><strong>cum</strong></span> <span class='ocrx_word' id='word_1_233' title='bbox 754 2534 911 2608; x_wconf 79' lang='lat' dir='ltr'><strong>gratiaruni</strong></span> <span class='ocrx_word' id='word_1_234' title='bbox 931 2537 1044 2594; x_wconf 89' lang='lat' dir='ltr'><strong>actione</strong></span> <span class='ocrx_word' id='word_1_235' title='bbox 1066 2542 1223 2610; x_wconf 88' lang='lat' dir='ltr'><strong>sumentes,</strong></span> <span class='ocrx_word' id='word_1_236' title='bbox 1245 2535 1288 2594; x_wconf 90' lang='lat' dir='ltr'><strong>ad·</strong></span> 
     </span>
     <span class='ocr_line' id='line_1_25' title="bbox 118 2639 1288 2715; baseline -0.006 -15"><span class='ocrx_word' id='word_1_237' title='bbox 118 2641 227 2701; x_wconf 88' lang='lat' dir='ltr'><strong>ducens</strong></span> <span class='ocrx_word' id='word_1_238' title='bbox 243 2643 401 2714; x_wconf 84' lang='lat' dir='ltr'><strong>exemplum</strong></span> <span class='ocrx_word' id='word_1_239' title='bbox 425 2643 519 2700; x_wconf 87' lang='lat' dir='ltr'><strong>divitis</strong></span> <span class='ocrx_word' id='word_1_240' title='bbox 539 2642 705 2715; x_wconf 80' lang='lat' dir='ltr'><strong>evangelici,</strong></span> <span class='ocrx_word' id='word_1_241' title='bbox 730 2642 777 2712; x_wconf 88' lang='lat' dir='ltr'><strong>qui</strong></span> <span class='ocrx_word' id='word_1_242' title='bbox 800 2639 926 2711; x_wconf 85' lang='lat' dir='ltr'><strong>quotidie</strong></span> <span class='ocrx_word' id='word_1_243' title='bbox 947 2639 1096 2712; x_wconf 89' lang='lat' dir='ltr'><strong>splendide</strong></span> <span class='ocrx_word' id='word_1_244' title='bbox 1117 2642 1288 2714; x_wconf 86' lang='lat' dir='ltr'><strong>epulabatur.</strong></span> 
     </span>
     <span class='ocr_line' id='line_1_26' title="bbox 121 2744 1288 2819; baseline -0.002 -17"><span class='ocrx_word' id='word_1_245' title='bbox 121 2745 193 2802; x_wconf 85' lang='lat' dir='ltr'><strong>item</strong></span> <span class='ocrx_word' id='word_1_246' title='bbox 210 2745 314 2817; x_wconf 87' lang='lat' dir='ltr'><strong>jnbens</strong></span> <span class='ocrx_word' id='word_1_247' title='bbox 327 2762 411 2803; x_wconf 86' lang='lat' dir='ltr'><strong>orare</strong></span> <span class='ocrx_word' id='word_1_248' title='bbox 426 2746 529 2818; x_wconf 89' lang='lat' dir='ltr'><strong>Deum,</strong></span> <span class='ocrx_word' id='word_1_249' title='bbox 552 2750 585 2803; x_wconf 90' lang='lat' dir='ltr'><strong>ut</strong></span> <span class='ocrx_word' id='word_1_250' title='bbox 604 2746 681 2804; x_wconf 93' lang='lat' dir='ltr'><strong>dona</strong></span> <span class='ocrx_word' id='word_1_251' title='bbox 696 2760 748 2802; x_wconf 89' lang='lat' dir='ltr'><strong>sua</strong></span> <span class='ocrx_word' id='word_1_252' title='bbox 764 2760 826 2803; x_wconf 89' lang='lat' dir='ltr'><strong>cnm</strong></span> <span class='ocrx_word' id='word_1_253' title='bbox 847 2744 1005 2816; x_wconf 79' lang='lat' dir='ltr'><strong>gratiarum</strong></span> <span class='ocrx_word' id='word_1_254' title='bbox 1025 2744 1139 2803; x_wconf 91' lang='lat' dir='ltr'><strong>actione</strong></span> <span class='ocrx_word' id='word_1_255' title='bbox 1154 2747 1288 2819; x_wconf 79' lang='lat' dir='ltr'><strong>suscipere</strong></span> 
     </span>
     <span class='ocr_line' id='line_1_27' title="bbox 121 2846 1287 2924; baseline 0 -19"><span class='ocrx_word' id='word_1_256' title='bbox 121 2853 152 2906; x_wconf 90' lang='lat' dir='ltr'><strong>et</strong></span> <span class='ocrx_word' id='word_1_257' title='bbox 175 2848 209 2905; x_wconf 93' lang='lat' dir='ltr'><strong>iis</strong></span> <span class='ocrx_word' id='word_1_258' title='bbox 230 2846 286 2906; x_wconf 86' lang='lat' dir='ltr'><strong>irui</strong></span> <span class='ocrx_word' id='word_1_259' title='bbox 307 2849 344 2906; x_wconf 89' lang='lat' dir='ltr'><strong>ad</strong></span> <span class='ocrx_word' id='word_1_260' title='bbox 364 2854 491 2907; x_wconf 86' lang='lat' dir='ltr'><strong>nostram</strong></span> <span class='ocrx_word' id='word_1_261' title='bbox 512 2849 710 2907; x_wconf 87' lang='lat' dir='ltr'><strong>necessitatem</strong></span> <span class='ocrx_word' id='word_1_262' title='bbox 730 2853 759 2907; x_wconf 92' lang='lat' dir='ltr'><strong>ct</strong></span> <span class='ocrx_word' id='word_1_263' title='bbox 778 2850 900 2907; x_wconf 89' lang='lat' dir='ltr'><strong>nominis</strong></span> <span class='ocrx_word' id='word_1_264' title='bbox 920 2849 983 2919; x_wconf 91' lang='lat' dir='ltr'><strong>ejns</strong></span> <span class='ocrx_word' id='word_1_265' title='bbox 997 2849 1119 2922; x_wconf 81' lang='lat' dir='ltr'><strong>gloriam</strong></span> <span class='ocrx_word' id='word_1_266' title='bbox 1139 2849 1238 2924; x_wconf 80' lang='lat' dir='ltr'><strong>largiri</strong></span> <span class='ocrx_word' id='word_1_267' title='bbox 1253 2846 1287 2907; x_wconf 81' lang='lat' dir='ltr'><strong>di·</strong></span> 
     </span>
     <span class='ocr_line' id='line_1_28' title="bbox 123 2951 1021 3024; baseline 0.002 -15"><span class='ocrx_word' id='word_1_268' title='bbox 123 2957 239 3024; x_wconf 76' lang='lat' dir='ltr'><strong>gnetur,</strong></span> <span class='ocrx_word' id='word_1_269' title='bbox 264 2951 349 3024; x_wconf 89' lang='lat' dir='ltr'><strong>idque</strong></span> <span class='ocrx_word' id='word_1_270' title='bbox 365 2967 416 3023; x_wconf 86' lang='lat' dir='ltr'><strong>per</strong></span> <span class='ocrx_word' id='word_1_271' title='bbox 433 2951 576 3009; x_wconf 79' lang='lat' dir='ltr'><strong>tinistunr</strong></span> <span class='ocrx_word' id='word_1_272' title='bbox 591 2952 735 3011; x_wconf 87' lang='lat' dir='ltr'><strong>dominnm</strong></span> <span class='ocrx_word' id='word_1_273' title='bbox 750 2958 888 3011; x_wconf 85' lang='lat' dir='ltr'><strong>nostram.</strong></span> <span class='ocrx_word' id='word_1_274' title='bbox 919 2952 1021 3011; x_wconf 80' lang='lat' dir='ltr'><strong>Arnen.</strong></span> 
     </span>
    </p>

    <p class='ocr_par' dir='ltr' id='par_1_5' title="bbox 211 3056 817 3128">
     <span class='ocr_line' id='line_1_29' title="bbox 211 3056 817 3128; baseline 0.002 -14"><span class='ocrx_word' id='word_1_275' title='bbox 211 3056 345 3114; x_wconf 84' lang='lat' dir='ltr'><strong>Liborius</strong></span> <span class='ocrx_word' id='word_1_276' title='bbox 361 3072 424 3113; x_wconf 89' lang='lat' dir='ltr'><strong>cum</strong></span> <span class='ocrx_word' id='word_1_277' title='bbox 439 3056 611 3114; x_wconf 87' lang='lat' dir='ltr'><strong>Hoxerianis</strong></span> <span class='ocrx_word' id='word_1_278' title='bbox 627 3073 749 3128; x_wconf 89' lang='lat' dir='ltr'><strong>pransus</strong></span> <span class='ocrx_word' id='word_1_279' title='bbox 764 3062 817 3115; x_wconf 92' lang='lat' dir='ltr'><strong>est.</strong></span> 
     </span>
    </p>

    <p class='ocr_par' dir='ltr' id='par_1_6' title="bbox 211 3159 932 3233">
     <span class='ocr_line' id='line_1_30' title="bbox 211 3159 932 3233; baseline 0.007 -18"><span class='ocrx_word' id='word_1_280' title='bbox 211 3159 311 3218; x_wconf 66' lang='lat' dir='ltr'><strong>(fornes</strong></span> <span class='ocrx_word' id='word_1_281' title='bbox 327 3159 495 3218; x_wconf 87' lang='lat' dir='ltr'><strong>Wiihelmus</strong></span> <span class='ocrx_word' id='word_1_282' title='bbox 510 3177 610 3217; x_wconf 73' lang='lat' dir='ltr'><strong>rm‘sus</strong></span> <span class='ocrx_word' id='word_1_283' title='bbox 626 3161 795 3233; x_wconf 83' lang='lat' dir='ltr'><strong>Velbergarn</strong></span> <span class='ocrx_word' id='word_1_284' title='bbox 811 3161 932 3221; x_wconf 86' lang='lat' dir='ltr'><strong>abierat.</strong></span> 
     </span>
    </p>

    <p class='ocr_par' dir='ltr' id='par_1_7' title="bbox 122 3264 1288 3443">
     <span class='ocr_line' id='line_1_31' title="bbox 212 3264 1288 3327; baseline 0.003 -6"><span class='ocrx_word' id='word_1_285' title='bbox 212 3265 275 3322; x_wconf 84' lang='lat' dir='ltr'><strong>iloc</strong></span> <span class='ocrx_word' id='word_1_286' title='bbox 290 3264 336 3322; x_wconf 90' lang='lat' dir='ltr'><strong>die</strong></span> <span class='ocrx_word' id='word_1_287' title='bbox 351 3265 381 3322; x_wconf 92' lang='lat' dir='ltr'><strong>in</strong></span> <span class='ocrx_word' id='word_1_288' title='bbox 400 3279 487 3322; x_wconf 83' lang='lat' dir='ltr'><strong>causa</strong></span> <span class='ocrx_word' id='word_1_289' title='bbox 507 3271 605 3322; x_wconf 87' lang='lat' dir='ltr'><strong>nostra</strong></span> <span class='ocrx_word' id='word_1_290' title='bbox 626 3264 808 3323; x_wconf 83' lang='lat' dir='ltr'><strong>desidendum</strong></span> <span class='ocrx_word' id='word_1_291' title='bbox 829 3273 901 3324; x_wconf 71' lang='lat' dir='ltr'><strong>erat..</strong></span> <span class='ocrx_word' id='word_1_292' title='bbox 938 3267 1061 3326; x_wconf 85' lang='lat' dir='ltr'><strong>Reddidi</strong></span> <span class='ocrx_word' id='word_1_293' title='bbox 1082 3267 1202 3327; x_wconf 85' lang='lat' dir='ltr'><strong>Liborio</strong></span> <span class='ocrx_word' id='word_1_294' title='bbox 1217 3272 1288 3326; x_wconf 87' lang='lat' dir='ltr'><strong>uotu-</strong></span> 
     </span>
     <span class='ocr_line' id='line_1_32' title="bbox 122 3367 898 3443; baseline 0.006 -20"><span class='ocrx_word' id='word_1_295' title='bbox 122 3367 179 3425; x_wconf 91' lang='lat' dir='ltr'><strong>lam</strong></span> <span class='ocrx_word' id='word_1_296' title='bbox 193 3367 414 3441; x_wconf 85' lang='lat' dir='ltr'><strong>capitulationis,</strong></span> <span class='ocrx_word' id='word_1_297' title='bbox 439 3375 470 3427; x_wconf 89' lang='lat' dir='ltr'><strong>ut</strong></span> <span class='ocrx_word' id='word_1_298' title='bbox 485 3385 548 3427; x_wconf 86' lang='lat' dir='ltr'><strong>curn</strong></span> <span class='ocrx_word' id='word_1_299' title='bbox 564 3386 599 3427; x_wconf 89' lang='lat' dir='ltr'><strong>ea</strong></span> <span class='ocrx_word' id='word_1_300' title='bbox 614 3369 730 3427; x_wconf 84' lang='lat' dir='ltr'><strong>Seldum</strong></span> <span class='ocrx_word' id='word_1_301' title='bbox 744 3377 898 3443; x_wconf 87' lang='lat' dir='ltr'><strong>repeteret.</strong></span> 
     </span>
    </p>

    <p class='ocr_par' dir='ltr' id='par_1_8' title="bbox 120 3470 1288 3861">
     <span class='ocr_line' id='line_1_33' title="bbox 211 3470 1286 3534; baseline 0.005 -8"><span class='ocrx_word' id='word_1_302' title='bbox 211 3470 320 3527; x_wconf 79' lang='lat' dir='ltr'><strong>Eadem</strong></span> <span class='ocrx_word' id='word_1_303' title='bbox 336 3478 465 3530; x_wconf 87' lang='lat' dir='ltr'><strong>coenatus</strong></span> <span class='ocrx_word' id='word_1_304' title='bbox 480 3478 524 3530; x_wconf 87' lang='lat' dir='ltr'><strong>est</strong></span> <span class='ocrx_word' id='word_1_305' title='bbox 539 3474 684 3531; x_wconf 81' lang='lat' dir='ltr'><strong>nobiscnm</strong></span> <span class='ocrx_word' id='word_1_306' title='bbox 700 3474 841 3533; x_wconf 81' lang='lat' dir='ltr'><strong>Hernicus</strong></span> <span class='ocrx_word' id='word_1_307' title='bbox 857 3475 948 3534; x_wconf 84' lang='lat' dir='ltr'><strong>bioiss</strong></span> <span class='ocrx_word' id='word_1_308' title='bbox 969 3480 999 3533; x_wconf 89' lang='lat' dir='ltr'><strong>et</strong></span> <span class='ocrx_word' id='word_1_309' title='bbox 1017 3475 1185 3534; x_wconf 83' lang='lat' dir='ltr'><strong>Joacbimus</strong></span> <span class='ocrx_word' id='word_1_310' title='bbox 1206 3472 1286 3534; x_wconf 74' lang='lat' dir='ltr'><strong>lincis</strong></span> 
     </span>
     <span class='ocr_line' id='line_1_34' title="bbox 122 3574 1288 3659; baseline 0.004 -27"><span class='ocrx_word' id='word_1_311' title='bbox 122 3574 202 3633; x_wconf 89' lang='lat' dir='ltr'><strong>Inter</strong></span> <span class='ocrx_word' id='word_1_312' title='bbox 217 3577 385 3634; x_wconf 88' lang='lat' dir='ltr'><strong>coenandum</strong></span> <span class='ocrx_word' id='word_1_313' title='bbox 401 3578 542 3635; x_wconf 89' lang='lat' dir='ltr'><strong>iicnricns</strong></span> <span class='ocrx_word' id='word_1_314' title='bbox 558 3578 594 3637; x_wconf 89' lang='lat' dir='ltr'><strong>ab</strong></span> <span class='ocrx_word' id='word_1_315' title='bbox 610 3577 741 3636; x_wconf 75' lang='lat' dir='ltr'><strong>Etaiorff</strong></span> <span class='ocrx_word' id='word_1_316' title='bbox 759 3596 777 3637; x_wconf 91' lang='lat' dir='ltr'><strong>a</strong></span> <span class='ocrx_word' id='word_1_317' title='bbox 796 3594 880 3636; x_wconf 86' lang='lat' dir='ltr'><strong>socru</strong></span> <span class='ocrx_word' id='word_1_318' title='bbox 901 3585 930 3637; x_wconf 89' lang='lat' dir='ltr'><strong>ct</strong></span> <span class='ocrx_word' id='word_1_319' title='bbox 949 3594 1049 3637; x_wconf 90' lang='lat' dir='ltr'><strong>sorore</strong></span> <span class='ocrx_word' id='word_1_320' title='bbox 1068 3580 1174 3659; x_wconf 80' lang='lat' dir='ltr'><strong>rrrissas</strong></span> <span class='ocrx_word' id='word_1_321' title='bbox 1187 3581 1288 3639; x_wconf 80' lang='lat' dir='ltr'><strong>litteras</strong></span> 
     </span>
     <span class='ocr_line' id='line_1_35' title="bbox 121 3680 1288 3752; baseline 0.001 -14"><span class='ocrx_word' id='word_1_322' title='bbox 121 3696 236 3752; x_wconf 83' lang='lat' dir='ltr'><strong>quoque</strong></span> <span class='ocrx_word' id='word_1_323' title='bbox 252 3680 288 3738; x_wconf 89' lang='lat' dir='ltr'><strong>ab</strong></span> <span class='ocrx_word' id='word_1_324' title='bbox 304 3681 409 3739; x_wconf 85' lang='lat' dir='ltr'><strong>eisdem</strong></span> <span class='ocrx_word' id='word_1_325' title='bbox 426 3680 567 3740; x_wconf 85' lang='lat' dir='ltr'><strong>deserens.</strong></span> <span class='ocrx_word' id='word_1_326' title='bbox 607 3680 795 3740; x_wconf 83' lang='lat' dir='ltr'><strong>Etzdorifinm</strong></span> <span class='ocrx_word' id='word_1_327' title='bbox 810 3683 937 3741; x_wconf 78' lang='lat' dir='ltr'><strong>ioannes</strong></span> <span class='ocrx_word' id='word_1_328' title='bbox 957 3683 1048 3741; x_wconf 88' lang='lat' dir='ltr'><strong>frater</strong></span> <span class='ocrx_word' id='word_1_329' title='bbox 1068 3690 1168 3743; x_wconf 89' lang='lat' dir='ltr'><strong>noster·</strong></span> <span class='ocrx_word' id='word_1_330' title='bbox 1183 3685 1212 3742; x_wconf 95' lang='lat' dir='ltr'><strong>in</strong></span> <span class='ocrx_word' id='word_1_331' title='bbox 1227 3683 1288 3742; x_wconf 85' lang='lat' dir='ltr'><strong>For·</strong></span> 
     </span>
     <span class='ocr_line' id='line_1_36' title="bbox 120 3783 951 3861; baseline 0.002 -19"><span class='ocrx_word' id='word_1_332' title='bbox 120 3783 231 3843; x_wconf 84' lang='lat' dir='ltr'><strong>chenric</strong></span> <span class='ocrx_word' id='word_1_333' title='bbox 247 3786 405 3859; x_wconf 78' lang='lat' dir='ltr'><strong>invenerat,</strong></span> <span class='ocrx_word' id='word_1_334' title='bbox 429 3787 523 3858; x_wconf 88' lang='lat' dir='ltr'><strong>quiet</strong></span> <span class='ocrx_word' id='word_1_335' title='bbox 539 3802 591 3858; x_wconf 87' lang='lat' dir='ltr'><strong>per</strong></span> <span class='ocrx_word' id='word_1_336' title='bbox 606 3785 680 3843; x_wconf 91' lang='lat' dir='ltr'><strong>hunc</strong></span> <span class='ocrx_word' id='word_1_337' title='bbox 696 3786 778 3845; x_wconf 89' lang='lat' dir='ltr'><strong>nobis</strong></span> <span class='ocrx_word' id='word_1_338' title='bbox 792 3789 951 3861; x_wconf 89' lang='lat' dir='ltr'><strong>rescripsit.</strong></span> 
     </span>
    </p>

    <p class='ocr_par' dir='ltr' id='par_1_9' title="bbox 211 3888 1181 3965">
     <span class='ocr_line' id='line_1_37' title="bbox 211 3888 1181 3965; baseline 0.004 -18"><span class='ocrx_word' id='word_1_339' title='bbox 211 3891 359 3948; x_wconf 74' lang='lat' dir='ltr'><strong>conradus</strong></span> <span class='ocrx_word' id='word_1_340' title='bbox 375 3907 393 3949; x_wconf 89' lang='lat' dir='ltr'><strong>a</strong></span> <span class='ocrx_word' id='word_1_341' title='bbox 408 3888 566 3948; x_wconf 88' lang='lat' dir='ltr'><strong>Schonstad</strong></span> <span class='ocrx_word' id='word_1_342' title='bbox 578 3891 662 3962; x_wconf 75' lang='lat' dir='ltr'><strong>Juxta</strong></span> <span class='ocrx_word' id='word_1_343' title='bbox 676 3892 845 3965; x_wconf 82' lang='lat' dir='ltr'><strong>Harlingam</strong></span> <span class='ocrx_word' id='word_1_344' title='bbox 860 3893 986 3950; x_wconf 81' lang='lat' dir='ltr'><strong>ilenrico</strong></span> <span class='ocrx_word' id='word_1_345' title='bbox 1003 3891 1181 3951; x_wconf 82' lang='lat' dir='ltr'><strong>obviaverat.</strong></span> 
     </span>
    </p>

    <p class='ocr_par' dir='ltr' id='par_1_10' title="bbox 122 3993 1288 4174">
     <span class='ocr_line' id='line_1_38' title="bbox 211 3993 1288 4070; baseline 0.002 -19"><span class='ocrx_word' id='word_1_346' title='bbox 211 3993 237 4064; x_wconf 87' lang='lat' dir='ltr'><strong>xj</strong></span> <span class='ocrx_word' id='word_1_347' title='bbox 254 3994 333 4051; x_wconf 63' lang='lat' dir='ltr'><strong>«iunii</strong></span> <span class='ocrx_word' id='word_1_348' title='bbox 348 3994 376 4051; x_wconf 92' lang='lat' dir='ltr'><strong>d.</strong></span> <span class='ocrx_word' id='word_1_349' title='bbox 392 3993 519 4052; x_wconf 81' lang='lat' dir='ltr'><strong>ioannes</strong></span> <span class='ocrx_word' id='word_1_350' title='bbox 535 3994 675 4052; x_wconf 89' lang='lat' dir='ltr'><strong>Henricus</strong></span> <span class='ocrx_word' id='word_1_351' title='bbox 691 4013 727 4054; x_wconf 83' lang='lat' dir='ltr'><strong>cx</strong></span> <span class='ocrx_word' id='word_1_352' title='bbox 742 4013 804 4070; x_wconf 87' lang='lat' dir='ltr'><strong>cap.</strong></span> <span class='ocrx_word' id='word_1_353' title='bbox 824 4001 864 4053; x_wconf 87' lang='grc'><strong>14</strong></span> <span class='ocrx_word' id='word_1_354' title='bbox 879 3997 916 4055; x_wconf 91' lang='lat' dir='ltr'><strong>ad</strong></span> <span class='ocrx_word' id='word_1_355' title='bbox 932 3998 1079 4055; x_wconf 84' lang='lat' dir='ltr'><strong>Romanos</strong></span> <span class='ocrx_word' id='word_1_356' title='bbox 1098 3998 1174 4055; x_wconf 87' lang='lat' dir='ltr'><strong>hunc</strong></span> <span class='ocrx_word' id='word_1_357' title='bbox 1188 4002 1288 4055; x_wconf 82' lang='lat' dir='ltr'><strong>textum</strong></span> 
     </span>
     <span class='ocr_line' id='line_1_39' title="bbox 122 4093 1288 4174; baseline 0.001 -22"><span class='ocrx_word' id='word_1_358' title='bbox 122 4093 205 4167; x_wconf 81' lang='lat' dir='ltr'><strong>legit:</strong></span> <span class='ocrx_word' id='word_1_359' title='bbox 234 4098 355 4156; x_wconf 45' lang='lat' dir='ltr'><strong>exultas</strong></span> <span class='ocrx_word' id='word_1_360' title='bbox 375 4099 449 4157; x_wconf 84' lang='lat' dir='ltr'><strong>enim</strong></span> <span class='ocrx_word' id='word_1_361' title='bbox 472 4103 599 4161; x_wconf 82' lang='lat' dir='ltr'><strong>nostrum</strong></span> <span class='ocrx_word' id='word_1_362' title='bbox 623 4099 676 4158; x_wconf 88' lang='lat' dir='ltr'><strong>sibi</strong></span> <span class='ocrx_word' id='word_1_363' title='bbox 698 4101 753 4173; x_wconf 80' lang='lat' dir='ltr'><strong>ipsi</strong></span> <span class='ocrx_word' id='word_1_364' title='bbox 775 4101 843 4160; x_wconf 81' lang='lat' dir='ltr'><strong>ririt</strong></span> <span class='ocrx_word' id='word_1_365' title='bbox 864 4107 890 4160; x_wconf 85' lang='lat' dir='ltr'><strong>et</strong></span> <span class='ocrx_word' id='word_1_366' title='bbox 911 4101 1005 4160; x_wconf 83' lang='lat' dir='ltr'><strong>nuilus</strong></span> <span class='ocrx_word' id='word_1_367' title='bbox 1025 4102 1078 4160; x_wconf 80' lang='lat' dir='ltr'><strong>sibi</strong></span> <span class='ocrx_word' id='word_1_368' title='bbox 1095 4102 1151 4174; x_wconf 86' lang='lat' dir='ltr'><strong>ipsi</strong></span> <span class='ocrx_word' id='word_1_369' title='bbox 1166 4101 1288 4159; x_wconf 78' lang='lat' dir='ltr'><strong>inuritur.</strong></span> 
     </span>
    </p>
   </div>
   <div class='ocr_carea' id='block_1_3' title="bbox 0 0 1344 4546">
    <p class='ocr_par' dir='ltr' id='par_1_11' title="bbox 0 0 1344 4546">
     <span class='ocr_line' id='line_1_40' title="bbox 0 0 1344 4546; baseline 0 1"><span class='ocrx_word' id='word_1_370' title='bbox 0 0 1344 4546; x_wconf 95' lang='lat' dir='ltr'><strong> </strong></span> 
     </span>
    </p>
   </div>
  </div>
 </body>
</html>
