2678 4546
660 45 709 110 20

178 248 216 288 xx
235 227 342 304 Aprilis
357 229 433 286 iuter
449 232 582 300 quartam
597 231 626 285 et
642 227 771 298 quintam
785 226 872 285 horas
891 223 1147 288 antemeridianas
1160 227 1193 287 in
1207 232 1270 287 tcm-

89 337 136 410 plo
152 337 312 409 Minorum,
327 328 415 406 'qnod
441 332 478 392 ad
503 333 578 391 hunc
594 331 669 389 diem
691 332 722 389 in
736 336 880 405 potestate
896 336 1015 391 senatus
1031 331 1205 409 Augustani
1226 341 1271 406 est,

89 442 273 500 ecclesiasten
297 438 437 513 quendam
458 454 516 497 non
535 437 679 496 indoctum
701 455 736 496 ex
758 453 820 512 cap.
844 437 965 497 Ioannis
986 439 1038 496 xxi
1063 439 1104 499 de
1121 440 1270 514 piscatione

89 548 169 607 Petri
184 553 213 605 et
228 546 349 604 aliorum
372 544 526 602 christiane
547 549 576 602 et
591 541 718 608 breuiter
742 542 929 602 disserentem
943 542 1124 605 audivimus.
1172 544 1267 605 Prud-

88 669 144 728 pue
153 652 240 712 verba
248 651 355 710 Christi
371 648 680 722 dicentis»Apportate
690 648 969 723 mihidepiscibus«‚
987 649 1156 725 adducens,
1172 651 1266 710 scillcet

90 759 166 832 quod
180 759 242 817 reri
257 756 488 828 concionatores,
514 770 584 827 quos
607 755 793 829 perverbum
808 753 1018 829 lucrifecerim,
1037 754 1160 817 Christo
1175 754 1266 817 oliano

92 863 225 939 debeant,
242 878 300 921 non
315 863 370 921 sibi
384 877 544 934 reseruare,
561 861 615 920 hoc
625 866 730 935 estpro
746 876 797 919 suo
813 859 956 920 arbitratu
971 860 1002 918 iu
1019 860 1264 937 populumerbu'

92 971 245 1043 imperium
261 984 371 1042 gerere.

181 1075 268 1134 Venit
282 1072 428 1130 Adrianus
444 1070 595 1130 aZertzen
610 1068 738 1130 referens
754 1087 785 1129 se
800 1070 958 1130 marchioni
974 1071 1097 1132 electori
1112 1074 1215 1134 literas
1226 1088 1262 1132 so

88 1183 162 1240 roris
178 1186 207 1238 et
215 1179 350 1236 comitum
362 1176 560 1249 aHenneberg
568 1175 712 1248 obtulisse,
730 1177 878 1250 ipsumque
892 1176 1091 1237 marchionem
1108 1179 1223 1252 dixisse,
1236 1178 1261 1235 li-

91 1295 168 1344 teras
187 1284 242 1342 sibi
256 1283 375 1357 praelegi
389 1285 564 1340 curaturum.
602 1281 691 1340 Jubet
710 1281 799 1354 igitur
822 1281 981 1356 Adrianus,
1006 1289 1040 1343 ut
1062 1285 1094 1343 in
1119 1285 1261 1360 hospitinu

92 1390 223 1448 electoris
252 1387 410 1459 mitterem,
442 1387 614 1459 quaesiturus
636 1403 654 1445 a
677 1386 792 1446 Staculo
817 1387 853 1446 de
870 1386 991 1462 Sleben,
1015 1405 1085 1448 num
1101 1402 1260 1467 responsum

93 1494 243 1553 habiturus
259 1494 321 1566 sim,
337 1508 435 1551 necne.

179 1599 259 1658 Idem
274 1598 420 1658 Adrianus
435 1596 603 1657 Maritinum
618 1595 718 1656 ducem
742 1598 893 1657 electorem
915 1598 957 1657 ait
980 1599 1144 1672 pollicitum
1160 1598 1258 1674 esse,si

91 1705 243 1778 quidboni
258 1705 288 1762 in
303 1708 403 1762 nostra
417 1719 503 1762 causa
513 1694 604 1776 ¹agere
619 1708 726 1778 posset,
742 1703 836 1776 ipsum
850 1720 913 1762 esse
929 1710 1073 1778 paratum.

179 1810 289 1870 Eadem
313 1810 455 1868 Ioannem
477 1808 674 1883 Milchlingum
697 1814 727 1867 et
749 1809 902 1868 Erasmum
926 1825 943 1867 a
962 1809 1117 1871 anrhod
1141 1811 1180 1872 ad
1193 1825 1256 1869 nar·

93 1916 235 1974 schalcum
249 1917 362 1990 imperii
377 1915 413 1974 de
428 1914 620 1989 Papenheim,
642 1919 675 1972 ut
690 1930 753 1972 cum
768 1915 857 1986 ipsius
872 1915 956 1973 venia
971 1915 1001 1971 in
1016 1914 1146 1989 hospitio
1162 1917 1256 1989 absque

91 2021 289 2085 molestatione
304 2025 476 2079 metatorum
490 2019 679 2094 hospitiorum
694 2035 863 2094 permanere
878 2035 1035 2095 possemus,
1052 2022 1193 2083 misimus.

179 2124 289 2185 Eadem
319 2124 451 2185 Liborius
482 2131 511 2182 et
535 2124 721 2184 Wendelinus
749 2127 840 2197 pruno
864 2125 989 2199 Viglinm
1015 2126 1192 2203 inviserant,
1218 2124 1255 2199 qui

89 2232 196 2305 passim
211 2232 348 2300 utrinque
363 2228 557 2302 disputantes,
582 2231 691 2304 Viglius
712 2231 790 2303 quod
811 2229 918 2289 sciebat
940 2232 1012 2290 scire
1028 2233 1137 2308 noluit,
1162 2233 1256 2293 scilieet

89 2337 152 2408 quis
167 2340 258 2394 status
274 2339 350 2393 esset
365 2333 515 2392 comitatus
531 2333 679 2408 Waldeck,
701 2341 730 2395 et
751 2337 781 2395 in
803 2352 912 2395 summa
928 2335 1096 2396 comitatum
1116 2354 1182 2399 esse
1193 2336 1254 2412 juris
1297 2388 1299 2399 .

88 2442 200 2516 imperii
216 2439 411 2501 confirmabat.
451 2438 521 2498 Item
542 2440 608 2498 olim
630 2457 716 2498 unum
738 2456 774 2500 ex
794 2440 943 2500 comitibus
964 2442 1001 2501 ds
1016 2442 1163 2504 Weldeck
1181 2441 1254 2502 inse
1295 2470 1299 2487 ι

86 2548 178 2608 locum
199 2554 344 2608 tenentem
367 2546 489 2606 Caesaris
511 2562 564 2619 per
586 2551 677 2605 totum
699 2547 856 2621 imperium.
896 2549 970 2606 Item
991 2550 1138 2621 quomodo
1156 2546 1251 2623 Laudi·

88 2655 180 2727 gravii
200 2653 246 2728 (ut
260 2654 322 2726 ipse
337 2650 462 2724 dicebat)
484 2668 537 2725 per
556 2653 765 2711 transactiones
784 2653 948 2711 comitatum
963 2669 981 2711 a
996 2654 1138 2716 Waldeck
1159 2656 1191 2715 in
1204 2652 1251 2713 teu·
1292 2688 1299 2695 ·

90 2757 157 2814 dum
173 2759 344 2827 acceperint,
361 2759 454 2829 ipsum
468 2773 526 2816 non
541 2758 658 2817 latebat.
683 2760 764 2830 Item,
783 2775 813 2818 se
829 2760 952 2832 insignia
966 2759 1137 2820 Wormatiae
1152 2767 1252 2821 ostensa

89 2859 202 2932 vidisse,
219 2860 352 2918 vexillum
367 2865 462 2920 autem
477 2862 548 2922 illud
564 2864 753 2938 existimabat,
770 2867 800 2924 in
816 2882 872 2938 quo
885 2864 1034 2923 Cattorum
1049 2867 1185 2942 princeps
1199 2863 1252 2924 Pii
1289 2898 1299 2911 -

88 2966 183 3038 lippus
199 2967 257 3024 suis
272 2969 359 3026 armis
374 2968 498 3042 insignia
513 2969 663 3029 comitatus
679 2969 820 3029 Waldeck
834 2971 952 3045 appingi
967 2967 1084 3030 fecerat.
1117 2970 1250 3044 rumne
1286 2996 1299 3033 ε

90 3070 140 3130 bat
155 3071 283 3131 divemas
300 3089 362 3131 esse
383 3089 483 3132 causas
499 3074 604 3133 Eubuli
627 3082 656 3134 et
670 3072 805 3148 fratrum,
831 3092 896 3134 nam
917 3072 1021 3134 frames
1042 3093 1107 3137 esse
1127 3075 1251 3152 sanguim
1284 3110 1299 3135 ε

86 3178 242 3257 junctiones
263 3178 415 3237 Wilhelmo
436 3177 533 3238 Cliviac
555 3185 584 3238 ct
603 3179 695 3239 Guliae
715 3181 781 3239 duci
796 3188 865 3256 etc,
891 3181 940 3254 qui
961 3196 1067 3254 magna
1088 3183 1120 3242 in
1143 3183 1250 3258 madan
1282 3206 1299 3235 r.

89 3279 211 3341 Castris
227 3291 257 3341 et
271 3284 347 3356 regu
357 3282 533 3343 Fordinandi
547 3283 649 3344 iecerit
658 3290 711 3344 etc.
736 3286 857 3347 Remisit
871 3292 986 3345 nostros
1000 3302 1116 3360 quoque
1132 3288 1249 3349 adnue
1281 3310 1299 3329 ·

89 3384 245 3445 batensem.
284 3389 355 3446 Item
371 3406 423 3448 nos
438 3389 475 3449 ad
490 3391 586 3450 omnia
605 3407 669 3464 quae
683 3392 834 3465 imperium
850 3396 1070 3465 concernerent,
1093 3398 1128 3452 ut
1142 3397 1250 3454 coetcroe
1280 3398 1299 3451 'a

88 3498 117 3548 et
130 3490 259 3550 membra
273 3493 385 3567 imperii
405 3512 458 3569 per
478 3497 614 3556 mandata
633 3513 746 3571 semper
761 3503 878 3557 vocatos
893 3496 994 3572 fuisse,
1015 3501 1150 3558 astruere
1164 3495 1249 3558 volut
1279 3520 1299 3537 -⁴

86 3596 158 3655 Item
174 3612 204 3654 se
221 3598 307 3671 scire,
330 3600 405 3671 quod
420 3601 493 3661 aliis
508 3602 585 3678 apud
597 3604 736 3677 judicium
749 3616 868 3662 camera
883 3610 985 3663 contra
1000 3601 1200 3664 coloniensem
1214 3613 1249 3658 oo
1281 3624 1299 3659 τ

85 3702 168 3761 mites
183 3704 317 3776 egissent.
363 3704 485 3765 Dixerat
504 3714 532 3766 et
547 3707 622 3766 idem
638 3707 785 3768 Cattorum
804 3709 963 3782 principem
983 3706 1100 3780 quidem
1115 3708 1155 3768 ad
1175 3719 1251 3767 eust·

86 3822 164 3868 ream
180 3810 372 3883 maJestatem,
390 3816 422 3868 ut
437 3827 486 3870 eos
501 3814 665 3886 comitatus,
683 3829 753 3885 quos
770 3829 846 3871 nunc
860 3815 890 3871 ln
904 3811 991 3873 feudo
1006 3813 1121 3887 habeat,
1138 3814 1180 3873 sic
1193 3808 1252 3872 reu‘·

88 3926 156 3972 uere
171 3923 281 3990 posset,
298 3916 428 3988 petiisse,
445 3920 476 3973 at
490 3915 632 3976 cesarem
647 3919 809 3977 consentire
825 3919 959 3978 noluisse.

176 4019 401 4095 Super-venerat,
419 4019 486 4079 dum
501 4021 591 4078 nostri
607 4037 670 4079 cnm
685 4023 780 4097 Viglio
795 4025 1035 4099 sennocinautur,
1055 4022 1255 4099 Marquardul.

87 4134 150 4178 cunr
166 4137 222 4196 quo
234 4125 368 4189 Liborius
383 4130 419 4190 de
433 4128 515 4190 uobis
530 4143 589 4187 non
603 4128 748 4191 insinuato
761 4129 898 4192 mandato
918 4129 1111 4193 damnationIs
1127 4128 1260 4193 uuum
