2678 4546
122 215 194 278 steri
213 212 410 274 colmariensis
428 211 574 285 memoli,
597 208 739 284 quomodo
760 209 897 285 phrenesi
917 216 1069 288 correptus
1087 228 1146 290 per
1163 214 1232 277 dics
1248 214 1293 276 eb

123 324 194 394 quot
208 315 381 379 vociferatus
396 317 448 376 sit:
470 316 631 377 Damnatus
645 330 718 390 sum,
739 313 854 390 perdite
868 314 963 391 docui,
984 332 1003 376 a
1017 319 1132 394 maguis
1146 336 1293 397 pem

123 441 195 484 sum.
226 424 267 482 Et
285 438 449 498 quanquam
468 438 522 498 per
540 419 689 497 syndicum
703 421 919 482 colmariensem
932 419 1098 483 admonitus
1113 425 1164 501 sit,
1185 443 1221 487 sc
1233 426 1292 487 ent

122 546 275 606 perperam
291 528 430 603 docuisse,
454 533 550 588 tamen
569 527 624 587 sibi
644 527 718 586 male
739 528 870 586 conscius
885 525 994 586 nullam
1009 528 1242 593 consolationem
1253 530 1291 593 4

121 635 252 708 mittens,
275 632 392 694 audem
406 633 447 692 sic
461 630 645 694 vociferando
660 632 785 692 animam
800 631 955 692 exhalavit.

210 737 257 798 Ab
278 738 379 799 eodem
397 739 465 799 Vite
485 738 582 812 didici,
605 737 755 797 Brentium
773 752 874 796 rursus
897 737 981 798 Halae
1000 740 1181 818 mucionari,
1204 758 1290 805 m

122 845 237 906 cantab
252 845 337 906 Ibero
356 844 453 920 aliquo
473 843 586 921 publice
607 844 637 903 in
657 843 764 919 templo
786 842 885 917 sibilis,
909 843 1057 904 cachinnis
1076 850 1107 906 et
1127 848 1231 911 nesdo
1242 850 1290 925 cri

123 948 177 1010 bus
196 951 312 1010 ronchis
331 952 546 1024 molestaretur,
569 949 717 1026 paululum
737 965 789 1009 suo
811 947 905 1010 officio
920 951 1094 1025 supersedit
1130 952 1231 1030 Nune,
1251 954 1290 1016 act

121 1057 195 1134 prob
210 1057 293 1118 dolor
307 1061 340 1116 ut
353 1072 401 1116 res
415 1055 481 1130 ipsa
495 1054 604 1132 docuit,
625 1054 713 1116 breve
728 1059 841 1132 tempus
855 1071 908 1116 suo
923 1053 1059 1131 iungetur
1073 1072 1209 1120 munera

211 1161 382 1237 Accepimus
397 1175 512 1235 quoque
525 1157 616 1220 filium
631 1158 750 1235 Georgii
763 1161 894 1236 Msp'oris,
918 1161 968 1235 qui
986 1159 1081 1221 rabidi
1101 1163 1188 1225 canis
1208 1180 1292 1226 morse

123 1268 260 1344 perierat,
283 1282 343 1326 non
357 1263 446 1325 fuisse
459 1282 534 1340 enm,
558 1282 642 1341 quem
656 1264 824 1326 Ratisbonae
839 1265 970 1327 vidimus.
1001 1265 1146 1344 Tandem,
1170 1286 1211 1330 ne
1229 1270 1294 1332 boec

124 1373 186 1432 viro
202 1373 286 1430 nimis
300 1372 413 1432 molesti
427 1387 561 1447 essemus,
585 1372 627 1431 illi
643 1370 839 1446 valedirimus,
856 1371 933 1432 bena
946 1373 1065 1446 insuper
1079 1372 1168 1435 nobis
1183 1376 1295 1437 invio·

123 1481 285 1553 precantes.
316 1477 443 1539 Donavit
460 1492 529 1539 vero
550 1494 603 1538 nos
625 1477 755 1537 dominus
776 1464 947 1537 Theodorus
966 1478 1105 1553 psalterio
1125 1484 1295 1556 gamana

124 1582 202 1658 qood
215 1584 278 1659 ipse
292 1599 355 1642 cum
371 1584 430 1643 suis
444 1585 606 1645 summariis
620 1582 722 1644 excudi
736 1588 898 1657 curaverat,
913 1599 948 1644 ac
961 1598 1066 1645 nomen
1079 1588 1208 1663 propria
1221 1604 1297 1651 man

124 1689 267 1765 ascripsit.

213 1793 273 1855 Sub
292 1809 404 1856 coenam
423 1794 506 1856 Vltus
525 1810 579 1872 per
592 1792 710 1854 filiolam
724 1810 805 1854 suam
819 1795 1036 1870 Margaretbam
1049 1793 1197 1861 matribus
1211 1806 1244 1862 et
1256 1817 1297 1861 ne

125 1900 186 1975 poti
201 1915 235 1960 ac
249 1901 334 1960 uxori
354 1905 462 1962 nostra
482 1899 602 1976 singulis
621 1900 789 1976 psalterium
810 1916 873 1959 cum
893 1902 952 1961 suis
972 1902 1136 1963 summariis
1158 1904 1240 1968 dono
1257 1907 1298 1971 le

127 2004 179 2078 dit,
202 2003 349 2064 Eubulum
368 2012 464 2067 antem
482 2005 557 2067 libro
577 2005 745 2065 concionum
763 2020 895 2080 suarum,
919 2007 965 2066 cui
983 2007 1099 2068 titulum
1113 2007 1167 2072 die
1181 2011 1299 2073 Kinder

126 2108 256 2186 predigt,
279 2110 383 2171 donari
405 2109 474 2172 iecit
497 2115 527 2171 et
550 2110 728 2185 expositione
750 2126 803 2171 sua
829 2111 859 2171 in
880 2112 999 2173 Esaiam
1020 2114 1199 2188 prophetam
1220 2118 1300 2181 bono

125 2215 210 2276 ravit.

214 2319 325 2381 Ibidem
339 2320 376 2380 de
391 2320 514 2381 adversa
528 2320 691 2382 valetudine
705 2322 843 2398 principis
855 2324 947 2383 nostri
960 2324 1098 2385 certiores
1112 2322 1188 2389 tacu
1199 2343 1297 2391 sunu

126 2424 267 2502 Georgius
281 2425 469 2488 Volclonarns
484 2432 601 2488 senator
620 2433 651 2487 et
664 2428 802 2502 patricius
821 2427 1063 2505 Norinbergensis
1078 2431 1235 2495 nobiscnm
1248 2452 1296 2497 uo

126 2532 214 2594 naut.
247 2532 370 2594 Senatus
384 2533 452 2594 vina
467 2549 582 2609 quoquc
596 2534 679 2594 nobis
694 2534 867 2609 propinavit.

214 2637 339 2700 Domino
352 2639 420 2699 Vite
435 2656 509 2700 uxor
523 2644 568 2699 est
582 2637 757 2715 Magdalena
771 2640 895 2716 nomine,
910 2639 986 2703 tilios
1001 2641 1090 2705 habet
1103 2644 1217 2725 vitum,
1232 2647 1294 2711 len

126 2746 198 2818 lum,
222 2743 402 2818 Philippum,
425 2741 500 2804 filias
518 2745 747 2820 blangorctham,
770 2745 903 2806 Mariam.

215 2846 406 2921 Norinbergre
422 2848 516 2910 adbuc
530 2854 575 2909 cst
594 2849 725 2910 doctrina
743 2868 818 2927 pura
837 2854 988 2928 evangelii,
1010 2870 1113 2916 verum
1127 2860 1293 2923 eccleriutr
1326 2887 1329 2895 ·

127 2971 146 3015 a
160 2958 263 3013 senatu
277 2957 426 3028 rogantur,
449 2959 483 3013 nt
502 2970 520 3015 a
535 2956 680 3032 carpendo
700 2973 828 3032 quosque
842 2960 1009 3020 nominatim
1023 2960 1203 3042 abstineant,
1224 2965 1293 3028 nii·
1324 2992 1329 3029 ι

127 3075 192 3121 rum
207 3074 243 3120 ea
256 3059 292 3119 de
315 3074 411 3134 causa
434 3059 512 3134 quod
530 3061 703 3123 adversariis
723 3065 800 3124 mala
819 3064 902 3124 nobis
924 3063 1066 3126 inferendi
1087 3068 1226 3133 voluntas
1246 3086 1292 3132 att
1318 3100 1329 3137 .·

128 3163 211 3238 desit,
235 3165 259 3224 si
275 3180 331 3240 qua
347 3164 432 3224 detur
446 3167 560 3228 occasio
581 3173 611 3228 et
629 3168 706 3230 bona
724 3170 755 3228 in
776 3171 902 3244 speciem
915 3172 945 3230 in
960 3172 1066 3231 malm
1080 3172 1290 3253 interpretari
1316 3202 1329 3243 r

216 3271 325 3331 Doctor
346 3271 506 3332 Vencelaus
527 3272 629 3347 Lyuck
650 3290 726 3335 anno
748 3275 897 3349 superiore
919 3278 979 3337 vita
998 3277 1062 3353 hac,
1085 3275 1219 3344 feliciore
1234 3278 1290 3345 ini
1314 3306 1329 3347 ι

128 3380 224 3450 turus,
248 3377 379 3436 excessit.
1312 3440 1322 3451 ,

215 3480 315 3541 Norici
331 3482 464 3557 amoti,
488 3483 564 3558 quod
578 3486 805 3559 protestantibus
819 3486 939 3561 triginta
952 3488 1043 3550 millia
1056 3504 1215 3556 ancorum
1228 3494 1288 3557 du
1310 3514 1329 3561 ι

126 3583 270 3660 dederint,
286 3602 343 3660 quo
358 3587 484 3647 animum
499 3590 639 3664 rugientis
653 3592 745 3652 leonis
760 3592 964 3670 demulcerent,
977 3594 1063 3657 iidem
1079 3598 1204 3675 triginta
1215 3598 1287 3663 ulli

127 3697 328 3752 coronatorum
343 3692 418 3752 douo
433 3693 582 3755 dederunt.

214 3798 345 3873 Rothger
364 3796 407 3858 uff
426 3799 478 3860 der
496 3800 597 3876 Burglr
610 3799 757 3865 aurifaber
772 3807 926 3881 apoplexia
944 3812 1039 3869 tactus
1057 3814 1111 3885 est,
1135 3825 1237 3874 rerum
1248 3803 1285 3870 ed
1310 3764 1314 3769 Ι

127 3905 184 3966 hnc
197 3912 330 3981 superest
345 3911 375 3966 et
388 3907 512 3967 vescitur
527 3925 600 3969 eura
614 3909 747 3971 aetherea.

217 4010 405 4073 liber-bardus
419 4012 553 4073 Ebnerus
568 4015 681 4075 nomine
699 4016 933 4093 norinbergensis
948 4028 1064 4083 senatus
1079 4022 1208 4098 mutan
1220 4018 1284 4085 nobi

132 4114 276 4195 adjunmt,
299 4120 380 4196 cujus
394 4117 483 4183 ducto
496 4118 702 4199 weissenburg
717 4122 833 4187 deducti
847 4140 971 4189 sumus..
