2678 4546
617 84 662 153 Π

82 286 109 330 nr
134 270 169 330 in
189 270 279 330 coeloe
298 266 336 329 ad
364 274 394 328 te
414 267 508 329 Deum
532 275 644 344 patrem
664 277 694 331 et
715 270 808 331 Deum
828 274 923 333 mvuru
945 273 1149 350 deprecamur,
1174 276 1225 349 qui

82 392 143 436 mm
156 376 231 437 vivit
244 381 273 436 et
288 380 392 449 manat
406 390 470 434 curn
484 382 584 436 saneto
600 378 703 450 spiritu
719 378 749 436 in
764 386 944 454 perpetuum.
968 381 1071 442 Amen.

137 482 207 542 Non
220 471 341 555 statues,
365 480 488 555 domine,
504 481 667 542 domesticis
689 485 796 544 nostris
819 487 849 544 in
863 491 1011 559 peecatum
1026 488 1224 562 ingnorantiaa

82 589 208 649 centutis
224 604 284 648 sue
299 593 329 648 et
342 572 441 648 averto
455 588 493 648 ab
508 591 563 663 eis,
590 604 607 647 ο
624 588 745 663 domine,
769 596 830 650 ate
846 607 904 651 non
919 592 1074 651 immissum
1087 607 1224 667 parmeni

90 698 300 770 contemptum,
316 699 346 753 et
360 709 498 755 conserva
512 694 567 754 tibi
581 711 654 769 quos
669 695 792 755 redemit
808 703 838 756 et
853 712 906 771 pro
922 697 1025 771 quibus
1039 698 1134 760 oravit
1147 696 1222 775 filius

82 818 126 877 us,
151 807 186 860 ut
208 802 365 876 persistant
386 802 417 860 iu
436 802 540 861 timore
555 807 585 861 et
598 801 720 861 veritate
735 807 795 862 tua.
833 803 880 862 Da
894 820 931 862 ue
951 805 1162 878 retrospiciunt,
1186 819 1223 863 ne
1283 856 1286 861 .

82 913 221 967 >veantur
247 906 428 967 multitudine
452 907 649 982 repedeutium
677 908 708 965 iu
730 907 894 981 Aegyptum
916 915 945 968 et
964 910 1169 983 venerantium,
1193 918 1223 969 te

82 1013 197 1089 relicto,
214 1014 409 1087 potentiorum
424 1028 532 1072 auram.
572 1012 626 1085 Qui
641 1018 724 1086 pater
740 1029 770 1073 es
786 1014 842 1072 tuis
858 1013 985 1088 provide,
1004 1017 1071 1088 quia
1085 1015 1166 1074 Deus
1181 1032 1221 1088 ca,

82 1118 264 1180 ibouitatem
278 1125 357 1179 tuum
371 1118 500 1192 ostende,
517 1119 584 1191 quia
599 1124 701 1191 potens
716 1135 756 1194 es,
775 1119 904 1179 inimicos
920 1127 1056 1181 conuerte
1071 1128 1101 1180 et
1116 1137 1168 1181 nos
1185 1120 1222 1181 de

82 1225 194 1285 autibus
209 1222 340 1285 faucibus
354 1238 454 1284 eorum
468 1228 603 1298 potenter
620 1225 707 1298 eripe.
731 1224 832 1284 Amen.

135 1330 185 1391 nd
203 1332 355 1405 septimam
377 1329 631 1390 antemeridianam
651 1330 761 1389 curiam
786 1330 945 1391 archiducis
966 1332 1156 1390 Maximiliaui
1176 1334 1219 1390 in·

82 1440 168 1512 autes,
183 1436 252 1496 licet
266 1436 406 1496 archidux
420 1434 514 1495 adhue
527 1434 601 1494 lecto
617 1433 807 1496 decumberet.
839 1436 1031 1513 Progredieus
1048 1438 1078 1496 in
1090 1437 1222 1512 superius

82 1544 153 1603 rium
167 1543 308 1618 ascendit,
323 1544 438 1602 missam
453 1540 499 1618 (ut
513 1537 623 1615 dicunt)
639 1542 732 1602 aulico
747 1558 825 1602 more
840 1545 969 1605 audiens.
998 1546 1061 1619 Qua
1075 1540 1157 1602 finita
1171 1559 1218 1603 rc·

82 1654 185 1711 nutem
203 1650 241 1711 ad
260 1648 420 1708 cubiculum
442 1645 534 1707 frater
556 1653 654 1708 noster
669 1648 797 1709 loannes
817 1653 993 1726 campaneis
1014 1649 1155 1720 convenit,
1171 1663 1219 1707 rc·

82 1760 167 1835 ucuut
181 1772 235 1817 sua
249 1754 384 1829 majestas
399 1758 429 1814 et
441 1769 494 1814 nos
505 1760 658 1814 etecusam
673 1761 802 1816 nostram
816 1756 871 1817 sibi
887 1757 1099 1817 commendatos
1113 1756 1221 1814 habere

82 1844 226 1939 tueretur.
266 1861 347 1922 Idem
362 1877 476 1936 quoque
490 1861 621 1921 Eubulus
636 1867 779 1936 precatus,
804 1868 919 1924 tacente
942 1863 1057 1922 interim
1078 1860 1218 1933 Philippo.

82 1952 195 2027 {chidux
210 1968 336 2042 singulos
351 1972 423 2027 nutu
443 1968 545 2041 capitis
561 1966 689 2027 salutans
709 1968 871 2043 respondit:
893 1969 1020 2040 Faciam,
1046 1971 1103 2028 imo
1117 1963 1220 2024 faciam

82 2062 242 2133 nutisdmc.
265 2072 319 2132 Est
331 2072 544 2134 Maximilianus
559 2074 700 2133 archidux
716 2074 883 2134 adolescens
898 2073 990 2134 forma
1005 2089 1063 2134 non
1076 2070 1219 2145 illiberali,

82 2174 223 2240 bcer'itate
237 2181 366 2255 corporis
377 2181 471 2254 justa,
487 2181 516 2239 in
540 2178 652 2240 effando
671 2178 876 2240 humanitatem
896 2182 1053 2256 principem
1073 2179 1220 2239 decentem

82 2274 153 2361 ¹bae
165 2283 274 2344 ferens.
311 2284 425 2344 Dicitur
440 2301 510 2359 erga
532 2285 670 2360 pietatem
686 2290 715 2344 et
730 2284 912 2346 Germaniam
928 2304 987 2348 uon
1000 2286 1075 2346 male
1090 2283 1217 2344 affectus.

82 2370 205 2453 lcorda
219 2406 320 2466 regum
335 2391 365 2450 iu
380 2406 466 2450 manu
480 2408 533 2452 sua
546 2391 647 2466 hebet,
668 2391 709 2450 illi
723 2393 879 2453 concedere
895 2392 1038 2467 dignetur,
1054 2397 1087 2451 ut
1101 2392 1218 2465 optima,

82 2484 183 2579 buon
196 2512 293 2573 pauca
307 2504 418 2558 naturae
433 2496 508 2557 dona
521 2496 619 2572 habet,
636 2497 674 2558 ad
688 2498 743 2558 Dei
758 2499 887 2572 gloriam,
910 2496 1088 2557 subditorum
1102 2510 1217 2554 suorum

82 2582 201 2773 ἱππ]
219 2608 250 2665 et
264 2602 366 2664 anilnae
381 2583 593 2677 sum-salutem,
620 2604 728 2664 abactis
750 2602 953 2663 susurronibus
969 2607 998 2663 et
1012 2601 1217 2671 adulatoribus,

82 2784 98 2859 f
125 2814 300 2877 Friderious
324 2830 438 2891 quoquc
460 2828 554 2877 comes
579 2815 807 2890 aFurstenberg
828 2816 933 2875 ibidem
958 2810 1067 2887 aderat,
1091 2809 1143 2871 sed
1166 2825 1218 2869 uos

103 2921 119 2973 A
144 2946 167 2975 .;
186 2916 254 2981 iere
269 2920 420 2982 sardonico
440 2923 500 2981 risu
515 2921 584 2980 nihil
600 2928 742 2996 praeterea
762 2920 944 2982 salutationis
959 2923 1003 2981 vel
1019 2919 1150 2981 amicitiae
1166 2932 1216 2976 uo·

130 3050 147 3080 «ι
157 3028 254 3099 heus,
269 3042 329 3086 uon
344 3026 472 3102 cogitans
487 3043 551 3086 esse
565 3042 663 3087 rerum
678 3028 762 3087 vicos.

100 3132 243 3195 Ebladem
260 3132 380 3193 vidimus
395 3134 535 3194 loannem
551 3132 703 3192 Rudelium
723 3133 846 3192 Lubecae
860 3133 984 3192 civitatis
999 3130 1156 3204 syndicum.

127 3238 327 3314 Posteaquam
341 3239 378 3299 ab
394 3238 546 3299 archiduce
562 3255 704 3299 secessum
719 3243 771 3310 est,
783 3238 1002 3299 Atrebatcnsem
1019 3251 1131 3310 quoque
1146 3249 1214 3292 con·

122 3379 134 3396 =·
151 3344 360 3407 statueramus.
384 3346 490 3405 Verum
505 3345 657 3404 consiliarii
677 3345 839 3418 imperiales
860 3342 920 3402 lere
935 3359 1033 3402 omncs
1049 3340 1126 3416 apud
1141 3341 1216 3399 hunc

135 3450 287 3517 ,dllocuti
302 3467 399 3510 sumus
414 3450 609 3524 secretarium,
625 3454 656 3509 at
665 3450 689 3508 is
701 3450 951 3509 anteambulonum
966 3448 1122 3508 aulicorum
1137 3462 1216 3506 more

119 3539 120 3542 Ἴ
137 3554 248 3617 fumum
264 3555 403 3617 vendidit.
435 3556 553 3631 Egimus
568 3560 664 3615 tamen
680 3572 743 3614 cum
754 3555 906 3615 Leonardo
922 3556 1056 3629 episcopo
1071 3570 1089 3612 a
1103 3552 1217 3611 cubicu-

148 3662 173 3723 ic
188 3661 271 3737 apud
285 3661 388 3721 herum
403 3677 485 3720 suum
501 3661 592 3721 nostri
602 3662 773 3722 mentionem
788 3661 915 3723 haberet.
940 3660 1069 3719 Vidimus
1085 3659 1124 3719 ibi
1133 3658 1216 3717 Acal-

119 3781 181 3821 cca:
193 3768 259 3827 ris.
295 3770 302 3779 ’

124 3879 165 3927 t<
177 3876 202 3927 ἡ
228 3875 273 3933 ‘us
294 3886 415 3933 camerae
437 3872 550 3933 concilii
571 3874 727 3946 imperialis
743 3874 888 3935 nobiscum
904 3888 1026 3946 pransus
1041 3878 1093 3930 est.
1133 3868 1218 3927 Hunc

121 3968 188 4050 ]'ue
206 3980 297 4041 habet
312 3993 423 4054 praeses
438 3978 559 4053 concilii,
575 3981 623 4053 qni
639 3980 722 4040 modo
738 3979 875 4039 archidux
891 3985 963 4038 erat.

132 4084 159 4145 Δ
178 4085 302 4161 prandio
322 4082 468 4142 Adrianus
487 4100 505 4142 a
525 4085 645 4144 Zertzen
667 4088 745 4145 venit
765 4102 860 4145 secum
883 4084 1027 4143 adducens
1050 4077 1216 4154 praefectum

133 4199 154 4240 i·
176 4188 292 4266 hjuuta
305 4190 447 4264 Bonnam,
471 4189 562 4264 quiet
581 4192 644 4267 ipse
659 4188 747 4250 filiam
762 4190 848 4250 habet
868 4194 992 4261 sahapce
1013 4184 1049 4246 de
1068 4184 1216 4261 Fridbnrg
