2678 4546
109 221 200 295 missi
224 234 290 279 cum
302 218 367 292 ipso
381 218 583 293 consalutari,
608 217 732 292 adimus,
756 218 834 292 apud
849 234 933 292 quem
947 219 1014 279 binc
1028 219 1096 280 inde
1111 218 1289 294 disputatum

110 333 169 401 est,
190 325 242 385 sed
256 322 389 398 frugiferi
408 340 509 397 parum
527 324 595 383 inda
615 323 766 383 emanavit.
804 325 903 383 Visum
923 332 967 384 eat
988 325 1070 384 nobis
1091 326 1128 383 ob
1149 324 1289 397 quosdam

110 446 258 491 sermones
277 444 429 489 nouercam
447 431 542 488 nostri
561 430 707 503 egregiam
726 430 899 489 mentionem
914 430 952 505 (si
967 431 1007 490 dii
1022 430 1133 503 volunt)
1150 430 1228 504 apud
1242 445 1290 489 oo·

111 539 208 597 mitem
223 534 408 597 wilhelmum
422 533 533 594 iecisse.
690 604 695 611 ¹

200 639 342 701 Conditor
357 655 449 700 nouus
468 639 604 699 articulus
624 641 701 700 inter
717 638 916 699 coloniensem
930 646 960 699 et
974 656 1035 699 nos.
1076 642 1106 701 Si
1121 642 1287 716 recipiatur,

112 753 140 806 et
154 747 245 807 abum
258 747 305 805 bic
319 750 524 820 procreaturus
541 749 594 803 est.

198 851 271 909 Haee
291 851 354 924 ipsa
374 849 435 909 des
455 851 592 909 terminus
612 856 676 908 erat
701 856 814 910 centnm
834 857 864 909 et
883 852 1094 924 sesquioentum
1113 850 1287 911 florenorum

112 972 243 1017 noverca
264 957 296 1013 in
315 956 471 1015 uitulieium
493 954 703 1015 solvendorum.
747 956 891 1015 Martinus
914 957 1042 1015 Bucerus
1065 964 1165 1016 contm
1186 956 1286 1018 Vinto·

113 1065 249 1122 mensem.

198 1168 247 1226 Ab
260 1166 423 1241 bominibus
437 1166 522 1239 hujus
537 1166 625 1224 seculi
644 1165 827 1226 condemnari
842 1173 872 1226 et
885 1168 985 1227 baberi
1000 1167 1124 1228 ludibrio
1139 1170 1287 1242 proprium

114 1280 280 1347 uteorum,
298 1288 371 1345 quos
382 1270 522 1346 iustificat
539 1277 569 1330 et
584 1270 726 1346 glorificat
741 1273 820 1331 deus.

199 1376 312 1437 Eadem
327 1376 395 1436 dum
410 1376 532 1436 Caesaris
552 1378 662 1451 aliquot
680 1394 816 1453 proceres
836 1378 921 1437 aulici
936 1379 996 1453 pila
1010 1379 1113 1438 ludunt
1127 1380 1157 1438 in
1171 1380 1286 1440 theatro

114 1486 345 1560 augustanorum
361 1483 463 1541 civium
478 1484 610 1557 expensis
626 1489 655 1542 et
669 1490 784 1558 sumptu
799 1485 830 1541 in
843 1485 898 1543 boc
912 1490 1091 1558 constructo,
1112 1483 1208 1545 subito
1222 1502 1284 1544 mn·

114 1608 160 1650 rus
174 1589 283 1650 cadem
298 1587 440 1661 subsidet,
460 1589 545 1648 ruina
559 1604 612 1646 sna
626 1589 747 1675 latomos
762 1589 833 1648 duos
849 1596 878 1648 et
893 1606 950 1648 non
965 1606 1073 1664 paucos
1088 1606 1124 1648 ex
1139 1591 1203 1651 aliis
1216 1590 1283 1652 bra·

114 1696 182 1755 abiis
203 1700 235 1755 et
248 1695 379 1754 cruribus
397 1693 520 1768 ludens,
541 1696 608 1753 lieet
626 1695 746 1753 vetitum
765 1696 803 1755 sit
822 1711 858 1754 ne
880 1695 1051 1770 proderetur
1070 1712 1157 1754 unum
1177 1703 1229 1756 ant
1242 1698 1283 1757 al·

114 1808 206 1862 terum
222 1817 260 1860 ex·
273 1800 329 1860 boc
343 1816 411 1859 casu
425 1806 547 1859 mortem
561 1801 726 1874 oppetiisse.

200 1906 293 1981 Iberi,
317 1906 417 1979 quiin
439 1904 545 1964 ducatu
565 1905 814 1980 wirtembergensi
839 1905 970 1978 hyberna
993 1911 1126 1979 egerunt,
1151 1905 1286 1982 Hispanis

112 2015 169 2072 suis
186 2013 326 2087 Augmtae
346 2012 525 2085 torpentibus
541 2011 669 2087 quotidie
683 2013 813 2087 plaustra
825 2012 935 2084 aliquot
948 2009 1048 2069 ferinae
1062 2011 1188 2073 mittunt.
1211 2012 1286 2073 Nar·

113 2124 207 2179 ratum
222 2133 337 2192 quoquo
353 2116 436 2176 nobis
451 2122 509 2189 est,
533 2119 686 2177 coriamum
701 2133 788 2176 unum
803 2117 849 2175 bic
863 2117 1001 2190 Augusta
1016 2115 1194 2175 habitantem
1212 2135 1284 2179 non·

113 2229 213 2298 genus
234 2237 385 2282 carrorum
404 2222 494 2297 pellea
516 2228 677 2282 exsenatu
691 2222 885 2296 Hispanorum
904 2223 958 2282 sibi
978 2223 1033 2280 hac
1053 2228 1154 2281 aestate
1173 2239 1286 2299 compa·

112 2344 200 2388 rasse.
240 2328 289 2388 Sic
301 2328 400 2387 miseri
414 2324 551 2387 Germani
565 2343 668 2401 magno
686 2329 875 2401 agricolarum
892 2326 1042 2401 dispendio
1057 2334 1088 2386 et
1101 2329 1228 2400 ipsorum
1243 2329 1285 2388 lu·

112 2432 203 2493 dibrio
224 2432 375 2493 Ibermnm
398 2438 427 2493 et
445 2433 591 2507 regiorum
612 2433 792 2492 adulatorum
817 2433 981 2504 gentianus
1003 2433 1169 2491 venationes
1190 2450 1284 2494 reser-

114 2542 225 2599 rarunt.

199 2643 325 2705 Domine
339 2642 419 2704 Dens
440 2649 567 2718 etpater
587 2644 726 2717 coelestis,
749 2648 781 2701 tu
800 2643 862 2715 ipse
878 2655 922 2715 es,
944 2642 992 2713 qui
1012 2644 1041 2699 et
1060 2657 1181 2713 quorum
1195 2646 1228 2701 tu
1242 2643 1285 2703 uis

113 2750 257 2809 mereris
272 2754 301 2809 et
316 2764 415 2809 eorum
430 2752 575 2809 orodonas
591 2748 717 2808 exaudis.
742 2747 899 2819 Propterea
908 2744 946 2804 ad
956 2751 984 2804 te
994 2747 1086 2805 omnis
1100 2763 1168 2807 caro
1180 2749 1283 2809 veniat.

114 2853 224 2915 Exaudi
244 2869 312 2929 nos,
332 2872 509 2929 quaesumus,
530 2871 583 2929 per
602 2853 799 2913 admirabilem
814 2852 955 2926 J'nstitiam
973 2858 1060 2911 tuam.
1100 2852 1145 2910 Tu
1161 2853 1237 2912 enim
1252 2868 1283 2913 os

114 2958 190 3021 Deus
203 2960 341 3020 omnbus
355 2964 454 3019 noster
469 2965 571 3033 etspes
584 2960 708 3018 omnium
722 2957 823 3020 finium
837 2962 923 3017 terra
939 2972 973 3016 ac
986 2973 1005 3015 a
1019 2958 1092 3015 mari
1107 2958 1201 3032 longa,
1218 2974 1284 3032 pro-

113 3066 199 3141 pitius
218 3070 282 3124 esto
296 3062 459 3124 Germaniae
478 3070 536 3124 tuse
555 3066 710 3124 innumeris
729 3064 821 3123 modis
841 3060 1041 3122 afflictissimae.
1081 3062 1145 3120 Tibi
1169 3063 1284 3123 domino

112 3168 247 3246 intem,
264 3171 457 3245 peccavimus,
478 3176 691 3229 mutumnentes
706 3175 786 3228 tuum
800 3168 919 3228 verbum
934 3173 963 3226 et
976 3167 1084 3241 ingrati
1098 3183 1168 3239 erga
1183 3168 1282 3242 benig·

113 3276 231 3336 mtem
243 3280 326 3334 tuum
340 3273 453 3335 inimus.
476 3277 636 3348 Propterea
650 3275 732 3333 nobis
747 3275 809 3332 baeo
823 3275 899 3332 mala
914 3272 1009 3332 omnia
1024 3273 1202 3345 contingunt.
1226 3271 1284 3332 Sed

113 3396 194 3456 nnnc,
222 3381 345 3455 domine,
362 3379 527 3440 recordatus
541 3379 594 3438 filii
607 3378 798 3455 pacificatoris
815 3384 844 3438 et
856 3376 1059 3437 misericordiae
1073 3383 1132 3436 tuae
1147 3379 1282 3453 antiquae,

113 3492 144 3547 tu
156 3502 210 3547 nos
226 3486 353 3560 corripe,
377 3485 428 3545 sed
442 3501 500 3545 non
514 3487 545 3544 in
559 3484 657 3545 furore
672 3487 723 3543 irae
739 3490 810 3559 tuse,
835 3501 869 3542 ac
888 3483 981 3541 libera
1000 3499 1053 3540 nos
1074 3482 1110 3540 de
1131 3488 1215 3556 ganta
1229 3481 1284 3542 bae

113 3606 169 3652 non
183 3592 300 3651 mnata!
338 3590 379 3648 Et
392 3592 460 3663 quia
474 3592 595 3664 populns
610 3598 677 3649 tuus
692 3606 789 3648 sumus
805 3605 928 3663 ovesque
944 3604 1058 3660 pascuae
1074 3593 1144 3659 tuae,
1164 3589 1195 3646 in
1209 3589 1285 3647 amm

112 3702 188 3757 tuam
199 3713 255 3757 nos
267 3695 370 3756 reduc!
385 3696 553 3768 Quanquam
563 3698 646 3770 emm,
663 3696 866 3769 opaterjuste,
878 3694 980 3752 millies
989 3695 1099 3767 majora
1114 3693 1158 3751 bis
1173 3706 1283 3750 mereu-

112 3816 182 3877 mur,
198 3802 270 3876 quia
284 3805 382 3860 mmen
397 3800 473 3874 apud
487 3806 517 3860 te
530 3802 696 3874 propitiatio
712 3806 764 3874 est,
781 3799 918 3859 terribilis
932 3815 989 3858 non
1003 3801 1051 3872 sis,
1068 3797 1155 3870 idque
1169 3811 1221 3869 per
1236 3795 1285 3854 Je-

112 3922 172 3968 tum
186 3907 335 3968 Christum
351 3906 487 3966 ddeunn
508 3904 597 3965 filium
620 3912 715 3979 tuum,
741 3906 789 3977 qui
810 3912 903 3964 tecum
923 3921 986 3962 oum
1002 3919 1024 3961 s.
1041 3902 1144 3974 spiritu
1165 3899 1235 3958 uiuit
1257 3904 1286 3958 et

114 4018 213 4090 mgnat
228 4028 305 4072 unns
319 4016 351 4071 at
363 4011 441 4070 idem
455 4010 535 4070 Dens
549 4028 601 4086 per
616 4013 711 4070 omnia
725 4010 822 4069 secula
837 4010 1004 4068 seculorum.
1028 4006 1128 4064 Amen.

196 4118 233 4179 In
250 4117 370 4181 aemilio
385 4117 527 4192 imperiali
541 4117 696 4191 abquando
715 4122 857 4176 tentatum
872 4119 929 4187 est,
952 4110 1105 4171 rebellibus
1119 4112 1150 4171 in
1163 4113 1285 4186 gratiam
