2678 4546
610 70 655 139 ta

76 275 119 321 sse
133 258 246 320 literas
284 256 317 317 si
336 255 425 332 igitur
439 253 509 330 quid
531 254 569 316 ad
583 253 700 317 affinem
714 260 765 316 ant
779 270 908 317 sororem
923 253 1050 316 scribere
1064 257 1160 329 velim,
1183 272 1214 318 se

76 366 231 427 entisdme
245 365 316 438 ipsis
330 362 432 422 literas
444 361 607 422 allaturum.
674 405 676 411 .

131 472 284 546 Quoniam,
300 467 503 544 benignissime
518 473 610 543 pater,
627 469 712 529 hodie
727 484 780 544 per
793 484 955 543 preconem
970 468 1050 529 verbi
1073 469 1115 528 tui
1130 469 1215 542 iuxta

76 578 243 652 asumptum
258 576 330 650 ejus,
345 590 430 648 quem
444 575 534 633 solum
550 590 601 633 nos
616 573 716 635 audire
729 574 850 646 jussisti,
865 572 1033 635 benefacere
1048 576 1134 633 etiarn
1148 590 1214 648 per·

76 683 229 759 quentibus
249 696 301 740 nos
323 680 417 740 edocti
440 696 551 754 snmus,
577 684 608 739 te
633 680 800 754 suppliciter
824 680 1012 756 deprecamur
1037 679 1214 758 (figmentum

76 792 118 850 im
133 793 265 850 nostrum
279 783 379 862 nosti),
395 786 530 847 danobis
545 786 677 860 spiritum
692 792 772 845 tuum
787 786 892 845 bonum
914 791 943 845 et
958 802 1021 845 eam
1036 794 1167 858 mentem,
1184 791 1215 844 ut

75 877 194 955 orantes
209 895 240 952 in
254 898 283 952 te
297 891 442 966 proximos
465 907 593 951 ememus
617 899 646 952 et
661 892 789 952 odientes
809 906 861 950 nos
877 889 1082 951 benefaciendo
1097 908 1214 967 supere·

76 1019 114 1077 ns,
131 1016 186 1076 per
201 999 300 1059 Jesum
315 997 461 1058 Christum
475 996 629 1057 Dominum
644 984 782 1058 nostrum.
806 997 908 1057 Amen.

133 1107 186 1181 viij
201 1105 275 1179 Maji
289 1106 320 1162 in
334 1104 466 1165 coenobio
482 1104 624 1163 minorum
633 1103 758 1176 quidam,
775 1105 857 1177 cujus
872 1119 975 1163 nomen
990 1104 1059 1163 mihi
1073 1105 1214 1178 ignotum;

76 1231 79 1272 ;
94 1229 161 1287 cap.
178 1210 298 1270 iianm
305 1209 500 1284 Evangelistae
514 1209 727 1284 paragraphum
742 1208 817 1268 hunc
831 1209 916 1283 legit:
944 1209 1002 1267 «Et
1016 1210 1057 1268 ait
1070 1210 1136 1283 illis,
1153 1209 1216 1283 quis

76 1325 171 1379 etrum
185 1317 302 1377 habebit
316 1316 452 1388 amicum,
476 1316 514 1376 ad
535 1331 618 1389 quem
643 1320 690 1374 eat
704 1313 799 1373 media
814 1320 897 1374 nocte
913 1321 942 1374 et
956 1315 1034 1374 dicat
1048 1316 1099 1388 illi,
1116 1317 1214 1388 amice,

76 1424 169 1485 rmihi
186 1426 284 1482 mutuo
299 1428 359 1481 tres
374 1436 474 1497 panes,
491 1421 626 1494 quoniam
646 1421 753 1479 amicus
775 1435 854 1479 mens
869 1420 998 1481 uenitde
1013 1421 1060 1479 uia
1075 1421 1171 1481 adme
1188 1426 1217 1480 et

76 1548 101 1591 ιι
114 1530 210 1590 habeo
226 1528 305 1603 quod
314 1543 459 1603 apponam
467 1527 518 1601 illi,
535 1532 566 1587 et
580 1526 629 1585 ille
644 1527 721 1585 intus
737 1525 928 1601 respondeat»
941 1533 996 1586 etc.
1012 1533 1041 1586 et
1055 1527 1216 1601 proximum

76 1639 109 1698 tic
128 1628 289 1697 adherenti
306 1633 399 1713 (emi)
415 1633 643 1709 paragraphum:
674 1631 733 1690 «Et
748 1631 812 1692 dico
827 1631 920 1704 vobis,
944 1633 1033 1706 petite
1056 1639 1085 1691 et
1100 1632 1216 1692 dabitur

76 1743 137 1816 abis,
160 1742 281 1816 quarite
304 1746 334 1801 et
352 1741 519 1816 invenietis,
544 1740 656 1815 pulsate
677 1743 707 1797 et
726 1739 872 1813 aperietur
887 1738 976 1796 vobis,
1016 1736 1115 1796 Omnis
1130 1739 1215 1810 enim,

76 1853 95 1911 ri
109 1850 194 1926 petit,
209 1847 322 1922 accipit,
340 1850 369 1906 et
383 1846 433 1919 qni
447 1847 552 1919 quant
565 1844 674 1904 invenit
687 1847 717 1902 et
732 1844 859 1918 pulsanti
873 1844 1051 1917 aperietur«
1073 1843 1217 1903 Disseruit

76 1957 132 2016 itur
146 1954 184 2015 de
206 1951 424 2012 meticulositata
451 1956 562 2011 naturae
584 1951 691 2010 veteris
712 1950 803 2009 nostri
817 1949 921 2008 Adami
940 1951 970 2008 in
984 1949 1106 2009 orando.
1144 1951 1216 2009 item

76 2059 186 2124 amodo
202 2058 278 2118 idem
292 2057 422 2117 dominus
437 2070 534 2124 nevos
553 2061 698 2130 corruptae
714 2062 820 2115 nostrae
835 2062 945 2116 naturae
960 2056 1144 2116 considerans
1158 2073 1216 2117 me

76 2182 107 2229 m
128 2164 222 2226 tanus
240 2164 317 2224 inter
336 2160 429 2224 Deum
448 2166 479 2221 et
497 2161 654 2236 hominem,
684 2162 738 2221 hac
756 2161 941 2221 similitudine
961 2162 1129 2222 audaciores
1152 2177 1214 2222 cor-

76 2273 228 2344 atioresque
249 2267 450 2329 adorandum
470 2283 524 2327 nos
543 2265 666 2328 reddere
688 2268 821 2327 voluerit.
858 2269 931 2326 Item
951 2269 1016 2341 quis
1039 2268 1087 2326 ille
1109 2268 1216 2327 amicus

76 2378 202 2450 uniens,
227 2390 312 2449 quem
333 2371 344 2409 ¹
368 2375 463 2435 media
484 2380 583 2448 nocte,
606 2374 661 2433 hoc
683 2378 727 2432 est
748 2375 811 2449 ipso
834 2375 987 2433 tenebroso
1009 2378 1139 2446 tempore
1163 2389 1214 2433 an·

76 2475 133 2545 tstoe
149 2479 314 2542 afflictionis
326 2467 364 2540 ¹et
377 2481 529 2555 ingruente
548 2480 718 2539 necessitate
734 2477 953 2554 expergefacere
973 2477 1148 2549 studeamus,
1171 2478 1214 2538 di·

76 2594 139 2652 ntes
160 2603 227 2648 cum
248 2586 405 2661 propheta:
441 2585 589 2661 «Exurge,
621 2585 749 2660 domine,
781 2601 870 2659 quare
893 2582 1079 2644 obdormiat«
1119 2582 1214 2655 Quan-

76 2690 203 2755 henim
225 2691 310 2753 nobis
336 2697 367 2751 et
394 2691 501 2751 timida
527 2696 634 2751 nostre
662 2691 701 2751 ad
727 2686 942 2751 omnebonum
970 2696 1095 2764 naturae,
1123 2689 1216 2748 Deum

76 2790 190 2874 urmire,
214 2813 317 2873 preces
337 2803 451 2858 nostras
472 2813 531 2857 non
552 2797 688 2857 exaudire
710 2804 740 2858 et
762 2813 814 2857 nos
835 2798 980 2872 negligere
1003 2797 1147 2869 videatur,
1170 2801 1214 2856 ta·

76 2904 110 2977 h
130 2906 156 2965 ai
178 2909 261 2964 tanta
281 2903 498 2976 importunitate
520 2917 585 2962 eum
612 2904 772 2978 pulsemus,
801 2905 956 2963 clementer
984 2919 1036 2963 nos
1065 2903 1213 2963 exauditu·

76 3012 166 3086 adt,
190 3009 324 3085 praebens
345 3007 429 3069 nobis
450 3024 554 3083 panem
576 3013 607 3068 et
628 2989 797 3086 necessaria.
837 3009 919 3082 Quod
945 3010 1075 3084 exemplo
1098 3011 1214 3069 canani·

76 3114 110 3179 Β
131 3115 260 3176 mulieris
282 3119 398 3190 pateat,
429 3115 591 3189 etreliqua
612 3100 712 3175 ordine
730 3117 755 3174 is
776 3116 955 3175 ecclesiastes
977 3115 1214 3190 prosequebatur.

76 3224 117 3285 rb
137 3227 235 3283 autem
260 3221 382 3282 antehac
403 3221 498 3296 ipsum
521 3237 578 3280 non
600 3221 772 3296 andivimus,
798 3219 911 3281 difficile
934 3227 1010 3294 erat,
1035 3223 1131 3281 omnia
1154 3222 1215 3294 ejus

76 3326 132 3393 ῆι
153 3329 279 3402 assequi.
326 3327 472 3388 Christum
494 3343 563 3387 uero
586 3329 691 3386 ostium
713 3343 775 3387 esse
798 3329 925 3402 unicum,
962 3328 1016 3387 hoc
1041 3330 1102 3388 sine
1126 3330 1214 3387 inter·

76 3426 178 3503 ¹hioue
204 3450 268 3494 esse
287 3433 459 3510 pulsandum
475 3432 555 3495 dixit.
591 3433 730 3506 Malleus,
754 3449 810 3507 qno
829 3434 959 3509 pulsetur
981 3433 1119 3506 Christus,
1144 3434 1215 3495 fides

76 3524 176 3627 {tsine
190 3556 249 3614 qua
263 3537 448 3614 impossibile,
465 3543 540 3599 teste
556 3539 657 3620 Paulo,
674 3554 753 3598 nosa
768 3539 831 3598 Deo
846 3539 984 3599 exaudiri.
1008 3542 1107 3600 Vetuit
1121 3547 1216 3600 autem

76 3644 134 3729 lde
148 3640 208 3706 alio
222 3647 414 3705 intercessore
429 3649 542 3705 mortuo
553 3647 753 3720 cogitaremus,
769 3647 892 3704 nechaec
903 3645 993 3706 verba
1008 3647 1089 3706 nobis
1106 3649 1215 3721 exiguae

76 3734 234 3825 &elationi
250 3765 313 3810 esse
327 3749 448 3824 debere,
470 3751 547 3825 quod
563 3749 692 3811 Christus
714 3750 834 3809 dixerit:
862 3751 952 3810 «Dico
972 3752 1061 3822 vobis,
1084 3751 1160 3823 quod
1179 3751 1215 3810 ob

76 3846 291 3939 mutuum
311 3856 374 3929 ejns
390 3861 511 3930 exurget
525 3862 555 3916 et
569 3856 649 3916 dabit
664 3857 714 3928 illi,
731 3858 866 3930 quicquid
881 3873 952 3931 opus
966 3857 1083 3925 habet»
1114 3854 1214 3913 cohor·

76 3948 114 4025 ff
124 3978 189 4036 nos,
206 3968 239 4022 ut
253 3965 367 4028 remota
381 3962 457 4022 omni
477 3962 609 4023 socordia
624 3966 653 4020 et
667 3962 856 4036 negligentia,
881 3963 926 4020 his
945 3961 1066 4020 maxime
1080 3960 1214 4032 tempori·

625 4094 641 4127 ’lt

76 4174 130 4281 ζι
148 4178 237 4232 hecht.
256 4176 292 4229 εὖ
310 4191 396 4245 quem.
