2678 4546
684 39 748 74 110

124 199 196 258 alios
210 210 341 270 quaerere
356 198 464 269 praeter
479 208 528 252 eos
544 207 615 266 quos
630 191 709 251 Deus
721 190 841 265 jusserit
855 189 958 263 cultus,
972 191 997 248 si
1010 195 1157 266 pastorem
1173 198 1298 252 noshum

125 309 155 363 et
176 304 261 361 vitem
283 315 381 359 veram
403 298 546 357 Christum
568 313 626 356 non
647 297 863 372 agnoverimus,
887 295 912 352 si
934 312 992 355 non
1011 297 1096 368 iuxta
1116 296 1206 370 hujus
1228 313 1297 370 prae·

128 406 251 479 ceptoris
271 405 400 477 regulam
418 405 496 477 juste
519 408 548 461 ct
569 403 616 476 pie
642 404 738 462 vivere
761 389 955 460 voluerimus?
993 402 1060 460 Non
1083 402 1175 476 enim,
1201 403 1298 476 inquit,

127 511 228 584 religio
243 510 398 567 christiana
413 509 443 566 in
464 509 554 567 cereis
573 508 741 566 ardentibus
761 512 791 565 et
809 506 906 564 nescio
927 506 1040 581 quibus,
1064 513 1097 566 ut
1117 524 1196 567 nunc
1215 508 1301 582 digla-

128 617 252 689 diantur,
276 614 456 687 ceremoniis,
481 613 661 671 unctionibus
683 618 713 671 et
735 613 797 684 ejus
816 627 890 669 cerae
904 610 1033 670 futilibus
1056 616 1087 671 et
1108 613 1217 672 nullius
1237 630 1301 672 usus

127 724 222 795 rebus,
246 727 297 779 aut
311 721 369 779 aris
384 718 470 792 bysso
485 723 515 776 et
529 734 658 793 purpura
674 717 814 776 distinctis
834 733 869 775 ac
884 718 963 775 vasis
983 717 1089 792 aureis,
1113 720 1261 792 argenteis
1276 724 1303 778 et

129 827 275 886 deauratis
290 826 345 883 sita
365 829 417 882 est.
447 824 522 881 Nam
542 823 567 880 si
581 823 644 881 haec
663 823 702 881 ad
721 823 890 896 religionem
908 819 1047 896 facerent,
1071 822 1237 882 habuerunt
1255 824 1303 882 Ju-

58 999 62 1008 ,
129 933 185 991 daei
198 932 288 989 multo
303 930 388 1004 plura
403 929 439 987 de
453 929 498 986 his
513 927 609 1001 robus,
634 944 719 1000 quam
735 929 835 1001 nostri,
861 933 890 986 et
909 927 1108 987 Mahometani
1122 929 1210 1004 longe
1225 945 1302 1004 auro,

127 1038 224 1111 bysso,
248 1051 386 1109 purpura,
410 1037 540 1106 argento,
564 1034 716 1092 unionibus
731 1038 761 1091 et
775 1033 891 1107 gemmis
906 1034 937 1090 in
955 1049 1007 1092 suo
1022 1033 1213 1105 mahometica
1228 1035 1303 1094 cultu

129 1158 182 1201 nos
196 1144 343 1215 superant.
374 1137 442 1221 Nec·
454 1137 617 1217 hujusmodi
638 1140 739 1196 naeniae
759 1138 806 1198 rel
825 1138 863 1197 ad
883 1139 1033 1198 veritatem
1053 1137 1241 1200 christianam
1261 1140 1304 1197 vel

129 1247 166 1306 ad
181 1245 329 1318 religionis
344 1242 492 1315 negocium
507 1243 663 1314 quidquam
681 1242 799 1314 faciunt.
830 1244 937 1303 Verum
958 1244 983 1301 si
1003 1244 1042 1303 ad
1057 1243 1151 1303 Deum
1171 1245 1302 1305 invocan-

132 1350 199 1409 dum
213 1347 300 1407 fidem
320 1346 509 1406 indubitatam
524 1352 553 1404 et
573 1347 742 1406 charitatem
764 1365 832 1422 erga
851 1348 943 1408 Deum
963 1355 993 1408 et
1012 1330 1175 1423 proximum
1195 1350 1303 1411 adiera-

131 1472 194 1512 mus
208 1452 344 1511 facientes
364 1449 486 1510 fructum
508 1451 623 1524 bonum,
648 1470 711 1533 quo.
724 1454 815 1528 patris
837 1454 979 1528 voluntas,
1003 1471 1067 1528 quae
1087 1472 1141 1529 per
1154 1454 1302 1520 'Christum

131 1559 214 1620 nobis
229 1557 374 1632 patefacta
395 1564 447 1631 cst,
471 1562 637 1632 peragatur,
654 1548 693 1616 ¹ut
713 1559 787 1633 Deo¹
798 1561 828 1618 in
844 1561 925 1619 nobis
946 1577 999 1634 per
1014 1559 1159 1618 Christum
1180 1575 1234 1619 sua
1247 1561 1302 1634 glo

131 1667 175 1724 ria
190 1665 329 1737 obtingat,
353 1668 394 1736 ut,
417 1663 511 1734 inquit
526 1662 667 1736 dominus,
691 1662 854 1723 efficiamini
869 1664 1003 1739 discipuli
1016 1665 1082 1723 mei.
1114 1663 1201 1740 Quid,
1215 1664 1302 1738 lnquit

131 1769 295 1840 Musonius,
319 1767 382 1825 haee
405 1766 461 1825 sibi
483 1767 572 1827 verba
594 1768 714 1827 volunt?
750 1769 911 1844 Numquid,
935 1769 974 1828 ad
990 1785 1068 1842 quos
1091 1752 1225 1836 dominus
1246 1771 1301 1828 hac

131 1875 220 1934 verba
241 1873 421 1946 loquebatur,
446 1872 511 1945 ejus>
531 1878 614 1932 erant
637 1873 788 1947 discipuli?
818 1875 912 1934 Erant
933 1872 1072 1947 profecto.
1107 1872 1185 1934 Nam
1207 1875 1243 1935 de
1262 1875 1300 1932 his

133 1978 216 2037 dixit:
235 1979 318 2051 «Ego
334 1993 384 2036 vos
400 1977 483 2051 elegi,
499 1984 660 2037 vosautem
674 1995 720 2036 me
735 1997 794 2039 non
809 1979 967 2052 elegistis«
999 1979 1084 2038 Item:
1106 1979 1186 2039 «Vos
1200 1980 1299 2039 vocatis

132 2101 178 2142 me
192 2085 361 2157 magistrum
376 2087 406 2140 et
416 2082 573 2157 dominum,
598 2090 627 2143 et
641 2089 719 2143 recte
735 2083 838 2158 dicitis,
855 2100 917 2143 sum
932 2085 1056 2143 etenim«
1075 2079 1146 2144 etc.'
1163 2085 1257 2158 Certo,
1278 2084 1298 2142 si

132 2190 174 2246 sic
196 2204 228 2246 se
250 2203 297 2245 res
319 2187 420 2261 habet,
444 2203 543 2246 omnes
565 2188 698 2264 discipuli
721 2188 827 2249 Christi
850 2195 942 2250 erant.
980 2189 1054 2249 Erat
1077 2188 1297 2264 quoquotum

132 2293 305 2352 ischariotes
322 2291 477 2366 discipulus
492 2291 599 2352 domini
614 2300 666 2352 cte.
698 2294 755 2353 Sed
769 2295 795 2352 si
809 2294 866 2353 alia
881 2298 926 2352 ast
939 2295 1025 2368 ratio,
1050 2294 1131 2368 quod
1151 2296 1204 2370 ait,
1225 2293 1296 2355 disci·

134 2399 194 2473 puli
213 2398 268 2455 mei
289 2394 442 2471 efficimini,
465 2396 521 2456 hoc
540 2404 592 2472 est,
616 2399 748 2473 palmites
768 2401 798 2457 in
819 2401 877 2457 vite
896 2405 1071 2474 permanete,
1095 2397 1222 2459 fructum
1235 2398 1295 2458 ferta

133 2509 188 2563 eto.
226 2501 266 2563 ut
287 2504 383 2562 mats
405 2503 451 2560 nro
474 2503 509 2561 oe
532 2501 694 2562 discrimino
717 2480 924 2579 osopurorum'
943 2504 1051 2579 docus,
1077 2504 1113 2564 oe
1136 2505 1172 2564 ns
1192 2506 1294 2573 aanor

132 2610 181 2682 qui
196 2611 226 2667 in
241 2626 314 2681 pura
330 2608 460 2667 doctrina
476 2608 582 2667 Christi
600 2617 771 2683 permanent
789 2617 819 2668 et
839 2611 988 2670 veritatem
1003 2609 1200 2684 evangelicam
1213 2611 1296 2670 amant
1325 2645 1339 2671 ;

133 2731 167 2772 ac
182 2730 268 2786 opere
283 2715 401 2787 implere
421 2721 570 2788 conantur,
594 2720 624 2773 et
644 2717 680 2775 de
699 2717 744 2790 iis,
768 2718 816 2789 qui
836 2717 941 2791 optime
956 2695 1072 2790 quidem
1092 2714 1131 2775 de
1150 2713 1294 2788 Evangelio
1322 2702 1338 2769 ὲ

133 2817 311 2890 fabulantur,
336 2819 387 2878 sed
410 2820 579 2892 impiissime·
598 2821 738 2887 victitant.
775 2822 848 2880 Item
872 2822 908 2880 de
932 2821 1057 2894 Pupistis
1080 2824 1111 2879 et
1134 2819 1293 2881 adversariis
1321 2844 1325 2899 j

133 2921 224 2995 verbi,
247 2924 316 2981 item
333 2923 368 2981 de
386 2925 472 2982 variis
492 2925 669 2998 respectibus
688 2927 719 2983 in
735 2925 888 3001 Christum,
912 2932 941 2985 et
961 2924 1104 2999 quomodo
1120 2925 1170 2989 alii
1186 2922 1292 2986 aliudir

134 3026 247 3086 Christo
269 3034 414 3102 quaerant,
438 3030 487 3088 alii
509 3045 561 3087 sua
582 3031 744 3105 commoda,
768 3032 817 3090 alii
838 3033 976 3105 honores,
1000 3031 1051 3090 alii
1072 3033 1255 3092 autoritatem
1271 3031 1292 3086 et
1317 2994 1322 3083 i

133 3150 191 3191 suae
214 3135 407 3209 sycophantiae
428 3136 616 3210 operculum,
631 3142 660 3195 et
673 3142 818 3212 postremo
839 3136 924 3195 dixit:
949 3137 988 3195 Et
1008 3135 1078 3210 quid
1098 3136 1213 3199 dicam?
1239 3135 1291 3196 Nor
1321 3179 1323 3182 .

133 3239 222 3296 estin
238 3239 378 3298 universis
394 3241 539 3299 sanctitas
571 3241 714 3315 Utrinque
736 3260 772 3301 ex
793 3243 869 3300 omni
889 3247 972 3316 parte
992 3242 1122 3316 quotidie
1142 3242 1224 3303 nobis
1236 3239 1290 3316 ipsit

133 3343 247 3417 pejores
263 3344 417 3403 evadimus.
449 3346 631 3421 Quapropter
650 3351 738 3406 vitani
759 3349 938 3407 emendemus
954 3352 983 3406 et
999 3353 1139 3421 ‘rogemus
1153 3348 1288 3412 donum
1318 3381 1339 3396 ⁴

132 3452 164 3506 ut
179 3448 320 3521 propitius
342 3466 394 3508 nos
415 3456 573 3524 convertat,
597 3465 653 3524 quo
673 3454 703 3510 in
723 3454 780 3512 vite
799 3471 869 3512 vera
887 3452 997 3512 fructus
1017 3453 1125 3513 uberes
1144 3453 1219 3513 ierre
1238 3463 1287 3526 pos
1312 3524 1316 3551 ί

133 3552 230 3610 simus.
262 3554 334 3611 Item
349 3553 425 3627 quod
444 3560 539 3615 textus
559 3556 659 3617 babet:
685 3558 764 3617 Sicut
783 3558 882 3634 dilexit
901 3574 946 3616 me
961 3563 1045 3631 pater
1060 3563 1127 3632 ete,
1151 3558 1182 3619 id
1195 3550 1286 3620 aaa

132 3659 264 3718 videatur
284 3659 313 3717 in
334 3661 482 3733 praeterito
503 3661 616 3735 dictum,
641 3669 737 3722 tamen
755 3664 906 3737 praesentis
925 3662 1002 3722 modi
1015 3663 1063 3722 hic
1083 3662 1286 3739 arcipiratae
1315 3686 1334 3717 :-

132 3770 219 3837 atque
241 3765 296 3822 boc
319 3762 354 3822 de
377 3764 539 3825 hebraismo
562 3773 591 3826 et
613 3768 712 3842 phrasi
733 3768 870 3828 hebraica
893 3769 1041 3843 disseruit,
1070 3772 1194 3831 innuens
1214 3768 1286 3829 Duell
1314 3797 1317 3811 ν

132 3877 242 3943 patrem
259 3886 372 3944 semper
387 3867 476 3928 tilium
492 3871 619 3946 diligere,
643 3874 683 3931 sic
699 3878 729 3932 et
744 3873 887 3934 Christum
903 3890 979 3948 suos,
1001 3875 1025 3932 si
1041 3876 1072 3934 in
1088 3876 1238 3938 dilectione
1249 3881 1286 3931 w
1334 3923 1339 3931 ,

134 3978 354 4048 permanserint,
379 3991 492 4049 semper
507 3992 605 4036 amare
621 3985 673 4037 etc.

222 4079 329 4138 Eadem
348 4081 569 4159 landtgravium,
593 4099 656 4156 quae
678 4085 815 4158 perendie
835 4085 902 4145 hinc
924 4083 1092 4161 proiectura
1113 4093 1187 4164 erat,
1209 4079 1284 4147 inrisi-
