<?xml version="1.0" encoding="UTF-8"?>
<!DOCTYPE html PUBLIC "-//W3C//DTD XHTML 1.0 Transitional//EN"
    "http://www.w3.org/TR/xhtml1/DTD/xhtml1-transitional.dtd">
<html xmlns="http://www.w3.org/1999/xhtml" xml:lang="en" lang="en">
 <head>
  <title>
</title>
<meta http-equiv="Content-Type" content="text/html;charset=utf-8" />
  <meta name='ocr-system' content='tesseract 3.04.00' />
  <meta name='ocr-capabilities' content='ocr_page ocr_carea ocr_par ocr_line ocrx_word'/>
</head>
<body>
  <div class='ocr_page' id='page_1' title='image "./desgrafenwolrad00trosgoog_0144.png"; bbox 0 0 2678 4546; ppageno 0'>
   <div class='ocr_carea' id='block_1_1' title="bbox 9 282 1231 4283">
    <p class='ocr_par' dir='ltr' id='par_1_1' title="bbox 19 282 1231 485">
     <span class='ocr_line' id='line_1_1' title="bbox 19 282 1231 397; baseline 0.002 -19"><span class='ocrx_word' id='word_1_1' title='bbox 19 282 22 303; x_wconf 51' lang='grc' dir='ltr'>Ι</span> <span class='ocrx_word' id='word_1_2' title='bbox 144 316 258 379; x_wconf 84' lang='lat' dir='ltr'><strong>Eadem</strong></span> <span class='ocrx_word' id='word_1_3' title='bbox 273 316 392 379; x_wconf 88' lang='lat' dir='ltr'><strong>Liborio</strong></span> <span class='ocrx_word' id='word_1_4' title='bbox 413 318 570 395; x_wconf 88' lang='lat' dir='ltr'><strong>injunctum</strong></span> <span class='ocrx_word' id='word_1_5' title='bbox 594 324 647 394; x_wconf 91' lang='lat' dir='ltr'><strong>est,</strong></span> <span class='ocrx_word' id='word_1_6' title='bbox 671 324 704 378; x_wconf 92' lang='grc' dir='ltr'><strong>ιιι</strong></span> <span class='ocrx_word' id='word_1_7' title='bbox 725 320 891 393; x_wconf 79' lang='lat' dir='ltr'><strong>petitionem</strong></span> <span class='ocrx_word' id='word_1_8' title='bbox 912 321 990 397; x_wconf 90' lang='lat' dir='ltr'><strong>apud</strong></span> <span class='ocrx_word' id='word_1_9' title='bbox 1011 322 1231 382; x_wconf 82' lang='lat' dir='ltr'><strong>Atrebatensem</strong></span> 
     </span>
     <span class='ocr_line' id='line_1_2' title="bbox 64 430 219 485; baseline 0 0"><span class='ocrx_word' id='word_1_10' title='bbox 64 430 219 485; x_wconf 69' lang='lat' dir='ltr'><strong>mactaret</strong></span> 
     </span>
    </p>

    <p class='ocr_par' dir='ltr' id='par_1_2' title="bbox 63 527 1230 708">
     <span class='ocr_line' id='line_1_3' title="bbox 143 527 1230 593; baseline 0.002 -4"><span class='ocrx_word' id='word_1_11' title='bbox 143 528 257 590; x_wconf 84' lang='lat' dir='ltr'><strong>Eadem</strong></span> <span class='ocrx_word' id='word_1_12' title='bbox 270 529 401 589; x_wconf 84' lang='lat' dir='ltr'><strong>Joannes</strong></span> <span class='ocrx_word' id='word_1_13' title='bbox 414 527 506 589; x_wconf 83' lang='lat' dir='ltr'><strong>frater</strong></span> <span class='ocrx_word' id='word_1_14' title='bbox 521 534 619 587; x_wconf 89' lang='lat' dir='ltr'><strong>noster</strong></span> <span class='ocrx_word' id='word_1_15' title='bbox 634 528 785 588; x_wconf 87' lang='lat' dir='ltr'><strong>Erasmum</strong></span> <span class='ocrx_word' id='word_1_16' title='bbox 805 548 823 591; x_wconf 90' lang='lat' dir='ltr'><strong>a</strong></span> <span class='ocrx_word' id='word_1_17' title='bbox 843 532 1003 593; x_wconf 85' lang='lat' dir='ltr'><strong>Rumhardt</strong></span> <span class='ocrx_word' id='word_1_18' title='bbox 1022 534 1053 591; x_wconf 91' lang='lat' dir='ltr'><strong>in</strong></span> <span class='ocrx_word' id='word_1_19' title='bbox 1068 535 1230 593; x_wconf 80' lang='lat' dir='ltr'><strong>connitatum</strong></span> 
     </span>
     <span class='ocr_line' id='line_1_4' title="bbox 63 633 1229 708; baseline 0.003 -15"><span class='ocrx_word' id='word_1_20' title='bbox 63 635 205 708; x_wconf 76' lang='lat' dir='ltr'><strong>premisit,</strong></span> <span class='ocrx_word' id='word_1_21' title='bbox 229 635 277 692; x_wconf 89' lang='lat' dir='ltr'><strong>eui</strong></span> <span class='ocrx_word' id='word_1_22' title='bbox 289 634 328 694; x_wconf 84' lang='lat' dir='ltr'><strong>ad</strong></span> <span class='ocrx_word' id='word_1_23' title='bbox 342 633 561 693; x_wconf 83' lang='lat' dir='ltr'><strong>Scboustadium</strong></span> <span class='ocrx_word' id='word_1_24' title='bbox 576 641 605 693; x_wconf 89' lang='lat' dir='ltr'><strong>et</strong></span> <span class='ocrx_word' id='word_1_25' title='bbox 626 634 822 695; x_wconf 87' lang='lat' dir='ltr'><strong>Hermannnm</strong></span> <span class='ocrx_word' id='word_1_26' title='bbox 837 638 941 699; x_wconf 72' lang='lat' dir='ltr'><strong>Nellen</strong></span> <span class='ocrx_word' id='word_1_27' title='bbox 959 639 1071 697; x_wconf 81' lang='lat' dir='ltr'>litteras</span> <span class='ocrx_word' id='word_1_28' title='bbox 1091 638 1229 697; x_wconf 87' lang='lat' dir='ltr'><strong>dedimus.</strong></span> 
     </span>
    </p>

    <p class='ocr_par' dir='ltr' id='par_1_3' title="bbox 59 737 1231 1023">
     <span class='ocr_line' id='line_1_5' title="bbox 143 737 1231 817; baseline 0.004 -20"><span class='ocrx_word' id='word_1_29' title='bbox 143 738 297 813; x_wconf 90' lang='lat' dir='ltr'><strong>Philippus</strong></span> <span class='ocrx_word' id='word_1_30' title='bbox 312 755 368 799; x_wconf 79' lang='lat' dir='ltr'><strong>von</strong></span> <span class='ocrx_word' id='word_1_31' title='bbox 387 737 441 797; x_wconf 90' lang='lat' dir='ltr'><strong>der</strong></span> <span class='ocrx_word' id='word_1_32' title='bbox 453 738 589 813; x_wconf 89' lang='lat' dir='ltr'><strong>Bruggen</strong></span> <span class='ocrx_word' id='word_1_33' title='bbox 609 756 662 812; x_wconf 88' lang='lat' dir='ltr'><strong>per</strong></span> <span class='ocrx_word' id='word_1_34' title='bbox 681 739 818 799; x_wconf 83' lang='lat' dir='ltr'><strong>famulum</strong></span> <span class='ocrx_word' id='word_1_35' title='bbox 839 743 993 802; x_wconf 81' lang='lat' dir='ltr'><strong>›interim‹</strong></span> <span class='ocrx_word' id='word_1_36' title='bbox 1015 743 1086 802; x_wconf 93' lang='lat' dir='ltr'><strong>illud</strong></span> <span class='ocrx_word' id='word_1_37' title='bbox 1105 745 1231 817; x_wconf 91' lang='lat' dir='ltr'><strong>repetiit,</strong></span> 
     </span>
     <span class='ocr_line' id='line_1_6' title="bbox 60 842 1229 921; baseline 0.003 -18"><span class='ocrx_word' id='word_1_38' title='bbox 60 842 133 916; x_wconf 87' lang='lat' dir='ltr'><strong>qnod</strong></span> <span class='ocrx_word' id='word_1_39' title='bbox 147 849 179 903; x_wconf 92' lang='lat' dir='ltr'><strong>et</strong></span> <span class='ocrx_word' id='word_1_40' title='bbox 193 844 237 903; x_wconf 90' lang='lat' dir='ltr'><strong>illi</strong></span> <span class='ocrx_word' id='word_1_41' title='bbox 251 846 401 903; x_wconf 83' lang='lat' dir='ltr'><strong>remissurn</strong></span> <span class='ocrx_word' id='word_1_42' title='bbox 420 848 473 903; x_wconf 86' lang='lat' dir='ltr'><strong>est</strong></span> <span class='ocrx_word' id='word_1_43' title='bbox 510 843 621 903; x_wconf 87' lang='lat' dir='ltr'><strong>Eadem</strong></span> <span class='ocrx_word' id='word_1_44' title='bbox 640 846 771 903; x_wconf 90' lang='lat' dir='ltr'><strong>comitem</strong></span> <span class='ocrx_word' id='word_1_45' title='bbox 787 846 968 907; x_wconf 79' lang='lat' dir='ltr'><strong>li&#39;ilhelmnm</strong></span> <span class='ocrx_word' id='word_1_46' title='bbox 986 848 1142 921; x_wconf 81' lang='lat' dir='ltr'><strong>irrisimus,</strong></span> <span class='ocrx_word' id='word_1_47' title='bbox 1165 864 1229 907; x_wconf 90' lang='lat' dir='ltr'><strong>com</strong></span> 
     </span>
     <span class='ocr_line' id='line_1_7' title="bbox 59 950 395 1023; baseline -0.006 -15"><span class='ocrx_word' id='word_1_48' title='bbox 59 965 111 1021; x_wconf 86' lang='lat' dir='ltr'><strong>quo</strong></span> <span class='ocrx_word' id='word_1_49' title='bbox 127 954 158 1008; x_wconf 91' lang='lat' dir='ltr'><strong>et</strong></span> <span class='ocrx_word' id='word_1_50' title='bbox 171 950 274 1023; x_wconf 88' lang='lat' dir='ltr'><strong>pransi</strong></span> <span class='ocrx_word' id='word_1_51' title='bbox 288 965 395 1007; x_wconf 89' lang='lat' dir='ltr'><strong>sumus.</strong></span> 
     </span>
    </p>

    <p class='ocr_par' dir='ltr' id='par_1_4' title="bbox 57 1052 1229 1234">
     <span class='ocr_line' id='line_1_8' title="bbox 141 1052 1229 1130; baseline 0.002 -17"><span class='ocrx_word' id='word_1_52' title='bbox 141 1053 275 1113; x_wconf 77' lang='lat' dir='ltr'><strong>Vidimus</strong></span> <span class='ocrx_word' id='word_1_53' title='bbox 288 1054 494 1115; x_wconf 80' lang='lat' dir='ltr'><strong>habitationem</strong></span> <span class='ocrx_word' id='word_1_54' title='bbox 508 1054 639 1128; x_wconf 89' lang='lat' dir='ltr'><strong>magistri</strong></span> <span class='ocrx_word' id='word_1_55' title='bbox 655 1052 768 1113; x_wconf 87' lang='lat' dir='ltr'><strong>Glaseri</strong></span> <span class='ocrx_word' id='word_1_56' title='bbox 782 1072 816 1114; x_wconf 87' lang='lat' dir='ltr'><strong>ac</strong></span> <span class='ocrx_word' id='word_1_57' title='bbox 831 1056 874 1115; x_wconf 89' lang='lat' dir='ltr'><strong>illi</strong></span> <span class='ocrx_word' id='word_1_58' title='bbox 888 1057 1085 1130; x_wconf 77' lang='lat' dir='ltr'><strong>indicavimus,</strong></span> <span class='ocrx_word' id='word_1_59' title='bbox 1101 1072 1166 1130; x_wconf 73' lang='lat' dir='ltr'><strong>quse</strong></span> <span class='ocrx_word' id='word_1_60' title='bbox 1185 1072 1229 1115; x_wconf 90' lang='lat' dir='ltr'><strong>se-</strong></span> 
     </span>
     <span class='ocr_line' id='line_1_9' title="bbox 57 1157 832 1234; baseline 0.003 -17"><span class='ocrx_word' id='word_1_61' title='bbox 57 1159 129 1219; x_wconf 91' lang='lat' dir='ltr'><strong>niori</strong></span> <span class='ocrx_word' id='word_1_62' title='bbox 143 1160 243 1218; x_wconf 91' lang='lat' dir='ltr'><strong>comiti</strong></span> <span class='ocrx_word' id='word_1_63' title='bbox 256 1159 494 1234; x_wconf 89' lang='lat' dir='ltr'><strong>Hennehergeusi</strong></span> <span class='ocrx_word' id='word_1_64' title='bbox 508 1157 713 1233; x_wconf 80' lang='lat' dir='ltr'><strong>perscribenda</strong></span> <span class='ocrx_word' id='word_1_65' title='bbox 727 1166 832 1219; x_wconf 89' lang='lat' dir='ltr'><strong>essent.</strong></span> 
     </span>
    </p>

    <p class='ocr_par' dir='ltr' id='par_1_5' title="bbox 52 1262 1228 1639">
     <span class='ocr_line' id='line_1_10' title="bbox 142 1262 1227 1338; baseline 0 -15"><span class='ocrx_word' id='word_1_66' title='bbox 142 1263 256 1323; x_wconf 85' lang='lat' dir='ltr'><strong>Eadem</strong></span> <span class='ocrx_word' id='word_1_67' title='bbox 278 1265 378 1323; x_wconf 87' lang='lat' dir='ltr'><strong>doctor</strong></span> <span class='ocrx_word' id='word_1_68' title='bbox 400 1264 496 1324; x_wconf 89' lang='lat' dir='ltr'><strong>Simon</strong></span> <span class='ocrx_word' id='word_1_69' title='bbox 515 1262 551 1322; x_wconf 92' lang='lat' dir='ltr'><strong>de</strong></span> <span class='ocrx_word' id='word_1_70' title='bbox 571 1264 748 1324; x_wconf 86' lang='lat' dir='ltr'><strong>Mundthuer</strong></span> <span class='ocrx_word' id='word_1_71' title='bbox 767 1268 797 1324; x_wconf 87' lang='lat' dir='ltr'><strong>iu</strong></span> <span class='ocrx_word' id='word_1_72' title='bbox 817 1266 971 1338; x_wconf 80' lang='lat' dir='ltr'><strong>hospitium</strong></span> <span class='ocrx_word' id='word_1_73' title='bbox 991 1271 1119 1324; x_wconf 88' lang='lat' dir='ltr'><strong>nostrum</strong></span> <span class='ocrx_word' id='word_1_74' title='bbox 1142 1266 1227 1338; x_wconf 79' lang='lat' dir='ltr'><strong>uenit,</strong></span> 
     </span>
     <span class='ocr_line' id='line_1_11' title="bbox 54 1367 1226 1445; baseline 0.001 -18"><span class='ocrx_word' id='word_1_75' title='bbox 54 1370 101 1443; x_wconf 88' lang='lat' dir='ltr'><strong>qui</strong></span> <span class='ocrx_word' id='word_1_76' title='bbox 115 1367 227 1443; x_wconf 77' lang='lat' dir='ltr'><strong>ajebat,</strong></span> <span class='ocrx_word' id='word_1_77' title='bbox 251 1385 283 1429; x_wconf 86' lang='lat' dir='ltr'><strong>sc</strong></span> <span class='ocrx_word' id='word_1_78' title='bbox 296 1386 350 1428; x_wconf 91' lang='lat' dir='ltr'><strong>nos</strong></span> <span class='ocrx_word' id='word_1_79' title='bbox 365 1374 433 1428; x_wconf 88' lang='lat' dir='ltr'><strong>ante</strong></span> <span class='ocrx_word' id='word_1_80' title='bbox 448 1384 539 1427; x_wconf 90' lang='lat' dir='ltr'><strong>annos</strong></span> <span class='ocrx_word' id='word_1_81' title='bbox 554 1369 657 1442; x_wconf 76' lang='lat' dir='ltr'><strong>viginti</strong></span> <span class='ocrx_word' id='word_1_82' title='bbox 672 1371 702 1427; x_wconf 91' lang='lat' dir='ltr'><strong>in</strong></span> <span class='ocrx_word' id='word_1_83' title='bbox 716 1370 814 1429; x_wconf 93' lang='lat' dir='ltr'><strong>libello</strong></span> <span class='ocrx_word' id='word_1_84' title='bbox 828 1372 957 1445; x_wconf 79' lang='lat' dir='ltr'><strong>legente-s</strong></span> <span class='ocrx_word' id='word_1_85' title='bbox 979 1372 1020 1428; x_wconf 93' lang='lat' dir='ltr'><strong>illi</strong></span> <span class='ocrx_word' id='word_1_86' title='bbox 1041 1371 1152 1430; x_wconf 80' lang='lat' dir='ltr'><strong>obviam</strong></span> <span class='ocrx_word' id='word_1_87' title='bbox 1168 1369 1226 1430; x_wconf 86' lang='lat' dir='ltr'><strong>iac-</strong></span> 
     </span>
     <span class='ocr_line' id='line_1_12' title="bbox 53 1471 1228 1549; baseline 0.003 -18"><span class='ocrx_word' id='word_1_88' title='bbox 53 1480 105 1533; x_wconf 90' lang='lat' dir='ltr'><strong>tos.</strong></span> <span class='ocrx_word' id='word_1_89' title='bbox 145 1474 176 1531; x_wconf 89' lang='lat' dir='ltr'><strong>Is</strong></span> <span class='ocrx_word' id='word_1_90' title='bbox 197 1490 275 1533; x_wconf 90' lang='lat' dir='ltr'><strong>nuuc</strong></span> <span class='ocrx_word' id='word_1_91' title='bbox 294 1472 402 1535; x_wconf 73' lang='lat' dir='ltr'><strong>loanni</strong></span> <span class='ocrx_word' id='word_1_92' title='bbox 424 1473 461 1533; x_wconf 83' lang='lat' dir='ltr'><strong>ab</strong></span> <span class='ocrx_word' id='word_1_93' title='bbox 483 1471 647 1547; x_wconf 89' lang='lat' dir='ltr'><strong>Eisenburg</strong></span> <span class='ocrx_word' id='word_1_94' title='bbox 669 1474 882 1549; x_wconf 86' lang='lat' dir='ltr'><strong>archiepiscopo</strong></span> <span class='ocrx_word' id='word_1_95' title='bbox 910 1477 1075 1535; x_wconf 80' lang='lat' dir='ltr'><strong>Treuirensi</strong></span> <span class='ocrx_word' id='word_1_96' title='bbox 1098 1493 1116 1534; x_wconf 92' lang='lat' dir='ltr'><strong>a</strong></span> <span class='ocrx_word' id='word_1_97' title='bbox 1140 1477 1228 1535; x_wconf 89' lang='lat' dir='ltr'><strong>medi·</strong></span> 
     </span>
     <span class='ocr_line' id='line_1_13' title="bbox 52 1578 194 1639; baseline 0.007 -4"><span class='ocrx_word' id='word_1_98' title='bbox 52 1578 123 1637; x_wconf 88' lang='lat' dir='ltr'><strong>cinis</strong></span> <span class='ocrx_word' id='word_1_99' title='bbox 138 1582 194 1639; x_wconf 80' lang='lat' dir='ltr'><strong>est.</strong></span> 
     </span>
    </p>

    <p class='ocr_par' dir='ltr' id='par_1_6' title="bbox 52 1680 1228 2073">
     <span class='ocr_line' id='line_1_14' title="bbox 139 1680 1227 1759; baseline 0.002 -18"><span class='ocrx_word' id='word_1_100' title='bbox 139 1681 230 1756; x_wconf 81' lang='lat' dir='ltr'><strong>Apud</strong></span> <span class='ocrx_word' id='word_1_101' title='bbox 243 1683 374 1742; x_wconf 89' lang='lat' dir='ltr'><strong>comitem</strong></span> <span class='ocrx_word' id='word_1_102' title='bbox 388 1698 407 1741; x_wconf 90' lang='lat' dir='ltr'><strong>a</strong></span> <span class='ocrx_word' id='word_1_103' title='bbox 421 1680 535 1742; x_wconf 82' lang='lat' dir='ltr'><strong>Nasson</strong></span> <span class='ocrx_word' id='word_1_104' title='bbox 549 1684 681 1741; x_wconf 91' lang='lat' dir='ltr'><strong>comitem</strong></span> <span class='ocrx_word' id='word_1_105' title='bbox 696 1682 731 1741; x_wconf 89' lang='lat' dir='ltr'><strong>de</strong></span> <span class='ocrx_word' id='word_1_106' title='bbox 746 1683 867 1758; x_wconf 89' lang='lat' dir='ltr'><strong>Deugen</strong></span> <span class='ocrx_word' id='word_1_107' title='bbox 882 1684 1012 1759; x_wconf 72' lang='lat' dir='ltr'><strong>vidimus,</strong></span> <span class='ocrx_word' id='word_1_108' title='bbox 1023 1685 1071 1759; x_wconf 87' lang='lat' dir='ltr'><strong>qui</strong></span> <span class='ocrx_word' id='word_1_109' title='bbox 1086 1684 1227 1759; x_wconf 87' lang='lat' dir='ltr'><strong>Bndiugoe</strong></span> 
     </span>
     <span class='ocr_line' id='line_1_15' title="bbox 52 1787 1227 1862; baseline 0.003 -15"><span class='ocrx_word' id='word_1_110' title='bbox 52 1789 218 1848; x_wconf 83' lang='lat' dir='ltr'><strong>mnversari</strong></span> <span class='ocrx_word' id='word_1_111' title='bbox 240 1788 323 1847; x_wconf 88' lang='lat' dir='ltr'><strong>solet.</strong></span> <span class='ocrx_word' id='word_1_112' title='bbox 360 1787 471 1847; x_wconf 85' lang='lat' dir='ltr'><strong>Eadem</strong></span> <span class='ocrx_word' id='word_1_113' title='bbox 495 1787 616 1846; x_wconf 85' lang='lat' dir='ltr'><strong>m&#39;dinrus</strong></span> <span class='ocrx_word' id='word_1_114' title='bbox 637 1788 790 1847; x_wconf 85' lang='lat' dir='ltr'><strong>histriones</strong></span> <span class='ocrx_word' id='word_1_115' title='bbox 816 1792 1000 1849; x_wconf 82' lang='lat' dir='ltr'><strong>cothurnatos</strong></span> <span class='ocrx_word' id='word_1_116' title='bbox 1023 1807 1073 1849; x_wconf 87' lang='lat' dir='ltr'><strong>sex</strong></span> <span class='ocrx_word' id='word_1_117' title='bbox 1096 1797 1126 1849; x_wconf 91' lang='lat' dir='ltr'><strong>et</strong></span> <span class='ocrx_word' id='word_1_118' title='bbox 1147 1799 1227 1862; x_wconf 87' lang='lat' dir='ltr'><strong>peta·</strong></span> 
     </span>
     <span class='ocr_line' id='line_1_16' title="bbox 53 1892 1228 1969; baseline 0 -16"><span class='ocrx_word' id='word_1_119' title='bbox 53 1900 130 1955; x_wconf 87' lang='lat' dir='ltr'><strong>satos</strong></span> <span class='ocrx_word' id='word_1_120' title='bbox 149 1899 242 1953; x_wconf 71' lang='lat' dir='ltr'><strong>mntoe</strong></span> <span class='ocrx_word' id='word_1_121' title='bbox 264 1893 401 1969; x_wconf 79' lang='lat' dir='ltr'><strong>agilitatis</strong></span> <span class='ocrx_word' id='word_1_122' title='bbox 422 1908 454 1951; x_wconf 88' lang='lat' dir='ltr'><strong>se</strong></span> <span class='ocrx_word' id='word_1_123' title='bbox 475 1893 506 1950; x_wconf 91' lang='lat' dir='ltr'><strong>in</strong></span> <span class='ocrx_word' id='word_1_124' title='bbox 526 1908 614 1965; x_wconf 70' lang='lat' dir='ltr'><strong>gpuos</strong></span> <span class='ocrx_word' id='word_1_125' title='bbox 634 1900 663 1952; x_wconf 93' lang='lat' dir='ltr'><strong>et</strong></span> <span class='ocrx_word' id='word_1_126' title='bbox 684 1895 850 1953; x_wconf 83' lang='lat' dir='ltr'><strong>saltationes</strong></span> <span class='ocrx_word' id='word_1_127' title='bbox 870 1892 1030 1968; x_wconf 86' lang='lat' dir='ltr'><strong>flectentes,</strong></span> <span class='ocrx_word' id='word_1_128' title='bbox 1054 1900 1086 1953; x_wconf 90' lang='lat' dir='ltr'><strong>ut</strong></span> <span class='ocrx_word' id='word_1_129' title='bbox 1106 1897 1228 1954; x_wconf 84' lang='lat' dir='ltr'><strong>antelmo</strong></span> 
     </span>
     <span class='ocr_line' id='line_1_17' title="bbox 59 1997 1045 2073; baseline -0.001 -14"><span class='ocrx_word' id='word_1_130' title='bbox 59 2016 186 2073; x_wconf 88' lang='lat' dir='ltr'><strong>unquam</strong></span> <span class='ocrx_word' id='word_1_131' title='bbox 200 1997 332 2072; x_wconf 83' lang='lat' dir='ltr'><strong>viderim,</strong></span> <span class='ocrx_word' id='word_1_132' title='bbox 353 2014 416 2057; x_wconf 88' lang='lat' dir='ltr'><strong>eum</strong></span> <span class='ocrx_word' id='word_1_133' title='bbox 431 2014 483 2071; x_wconf 94' lang='lat' dir='ltr'><strong>pro</strong></span> <span class='ocrx_word' id='word_1_134' title='bbox 498 1999 601 2071; x_wconf 85' lang='lat' dir='ltr'><strong>majori</strong></span> <span class='ocrx_word' id='word_1_135' title='bbox 615 2001 744 2072; x_wconf 89' lang='lat' dir='ltr'><strong>corporis</strong></span> <span class='ocrx_word' id='word_1_136' title='bbox 758 2005 841 2071; x_wconf 88' lang='lat' dir='ltr'><strong>parte</strong></span> <span class='ocrx_word' id='word_1_137' title='bbox 857 2000 925 2058; x_wconf 90' lang='lat' dir='ltr'><strong>nudi</strong></span> <span class='ocrx_word' id='word_1_138' title='bbox 941 2007 1045 2059; x_wconf 86' lang='lat' dir='ltr'><strong>essent.</strong></span> 
     </span>
    </p>

    <p class='ocr_par' dir='ltr' id='par_1_7' title="bbox 9 2101 1228 3123">
     <span class='ocr_line' id='line_1_18' title="bbox 139 2101 1228 2180; baseline 0.002 -17"><span class='ocrx_word' id='word_1_139' title='bbox 139 2104 248 2164; x_wconf 78' lang='lat' dir='ltr'><strong>Florum</strong></span> <span class='ocrx_word' id='word_1_140' title='bbox 258 2101 479 2163; x_wconf 71' lang='lat' dir='ltr'><strong>toennensem</strong></span> <span class='ocrx_word' id='word_1_141' title='bbox 494 2108 561 2163; x_wconf 87' lang='lat' dir='ltr'><strong>ante</strong></span> <span class='ocrx_word' id='word_1_142' title='bbox 575 2104 721 2162; x_wconf 88' lang='lat' dir='ltr'><strong>meridiem</strong></span> <span class='ocrx_word' id='word_1_143' title='bbox 737 2104 844 2176; x_wconf 85' lang='lat' dir='ltr'><strong>alloqui</strong></span> <span class='ocrx_word' id='word_1_144' title='bbox 858 2121 915 2163; x_wconf 89' lang='lat' dir='ltr'><strong>non</strong></span> <span class='ocrx_word' id='word_1_145' title='bbox 931 2107 1034 2177; x_wconf 90' lang='lat' dir='ltr'><strong>potuit.</strong></span> <span class='ocrx_word' id='word_1_146' title='bbox 1064 2105 1091 2162; x_wconf 83' lang='lat' dir='ltr'>A</span> <span class='ocrx_word' id='word_1_147' title='bbox 1106 2106 1228 2180; x_wconf 89' lang='lat' dir='ltr'><strong>prandio</strong></span> 
     </span>
     <span class='ocr_line' id='line_1_19' title="bbox 55 2208 1228 2283; baseline 0 -14"><span class='ocrx_word' id='word_1_148' title='bbox 55 2214 147 2271; x_wconf 86' lang='lat' dir='ltr'><strong>autem</strong></span> <span class='ocrx_word' id='word_1_149' title='bbox 162 2208 262 2269; x_wconf 89' lang='lat' dir='ltr'><strong>multis</strong></span> <span class='ocrx_word' id='word_1_150' title='bbox 283 2224 346 2267; x_wconf 88' lang='lat' dir='ltr'><strong>eum</strong></span> <span class='ocrx_word' id='word_1_151' title='bbox 368 2223 401 2267; x_wconf 92' lang='lat' dir='ltr'><strong>eo</strong></span> <span class='ocrx_word' id='word_1_152' title='bbox 421 2208 488 2282; x_wconf 90' lang='lat' dir='ltr'><strong>egit.</strong></span> <span class='ocrx_word' id='word_1_153' title='bbox 520 2208 628 2267; x_wconf 81' lang='lat' dir='ltr'><strong>Verum</strong></span> <span class='ocrx_word' id='word_1_154' title='bbox 647 2216 713 2283; x_wconf 91' lang='lat' dir='ltr'><strong>post</strong></span> <span class='ocrx_word' id='word_1_155' title='bbox 732 2210 892 2283; x_wconf 81' lang='lat' dir='ltr'><strong>petitiones,</strong></span> <span class='ocrx_word' id='word_1_156' title='bbox 915 2211 1110 2270; x_wconf 81' lang='lat' dir='ltr'><strong>albicationes</strong></span> <span class='ocrx_word' id='word_1_157' title='bbox 1131 2218 1160 2271; x_wconf 92' lang='lat' dir='ltr'><strong>et</strong></span> <span class='ocrx_word' id='word_1_158' title='bbox 1180 2228 1228 2270; x_wconf 85' lang='lat' dir='ltr'><strong>ex·</strong></span> 
     </span>
     <span class='ocr_line' id='line_1_20' title="bbox 55 2294 1227 2390; baseline -0.001 -15"><span class='ocrx_word' id='word_1_159' title='bbox 55 2315 216 2375; x_wconf 70' lang='lat' dir='ltr'><strong>sudationes</strong></span> <span class='ocrx_word' id='word_1_160' title='bbox 230 2312 286 2372; x_wconf 90' lang='lat' dir='ltr'><strong>hoc</strong></span> <span class='ocrx_word' id='word_1_161' title='bbox 300 2310 417 2373; x_wconf 85' lang='lat' dir='ltr'><strong>tandem</strong></span> <span class='ocrx_word' id='word_1_162' title='bbox 430 2314 561 2385; x_wconf 87' lang='lat' dir='ltr'><strong>responsi</strong></span> <span class='ocrx_word' id='word_1_163' title='bbox 579 2315 655 2387; x_wconf 91' lang='lat' dir='ltr'><strong>tulit,</strong></span> <span class='ocrx_word' id='word_1_164' title='bbox 671 2314 891 2374; x_wconf 82' lang='lat' dir='ltr'><strong>Atrebatensem</strong></span> <span class='ocrx_word' id='word_1_165' title='bbox 907 2317 1011 2390; x_wconf 86' lang='lat' dir='ltr'><strong>omnia,</strong></span> <span class='ocrx_word' id='word_1_166' title='bbox 1027 2294 1095 2390; x_wconf 47' lang='lat' dir='ltr'><strong>&#39;quae</strong></span> <span class='ocrx_word' id='word_1_167' title='bbox 1110 2333 1227 2375; x_wconf 90' lang='lat' dir='ltr'><strong>suarum</strong></span> 
     </span>
     <span class='ocr_line' id='line_1_21' title="bbox 56 2416 1227 2495; baseline 0 -16"><span class='ocrx_word' id='word_1_168' title='bbox 56 2420 153 2479; x_wconf 83' lang='lat' dir='ltr'><strong>ririnm</strong></span> <span class='ocrx_word' id='word_1_169' title='bbox 174 2416 294 2493; x_wconf 76' lang='lat' dir='ltr'><strong>luerint,</strong></span> <span class='ocrx_word' id='word_1_170' title='bbox 308 2416 524 2491; x_wconf 78' lang='lat' dir='ltr'><strong>diligentissime</strong></span> <span class='ocrx_word' id='word_1_171' title='bbox 548 2416 625 2491; x_wconf 88' lang='lat' dir='ltr'><strong>apud</strong></span> <span class='ocrx_word' id='word_1_172' title='bbox 649 2421 850 2493; x_wconf 87' lang='lat' dir='ltr'><strong>imperatorem</strong></span> <span class='ocrx_word' id='word_1_173' title='bbox 874 2422 979 2495; x_wconf 82' lang='lat' dir='ltr'><strong>egisse,</strong></span> <span class='ocrx_word' id='word_1_174' title='bbox 1004 2421 1077 2480; x_wconf 91' lang='lat' dir='ltr'><strong>adeo</strong></span> <span class='ocrx_word' id='word_1_175' title='bbox 1100 2427 1132 2479; x_wconf 92' lang='lat' dir='ltr'><strong>ut</strong></span> <span class='ocrx_word' id='word_1_176' title='bbox 1153 2437 1227 2495; x_wconf 89' lang='lat' dir='ltr'><strong>pene</strong></span> 
     </span>
     <span class='ocr_line' id='line_1_22' title="bbox 10 2508 1228 2599; baseline 0 -16"><span class='ocrx_word' id='word_1_177' title='bbox 10 2508 13 2513; x_wconf 43' lang='lat'><strong>¹</strong></span> <span class='ocrx_word' id='word_1_178' title='bbox 57 2525 122 2583; x_wconf 85' lang='lat' dir='ltr'><strong>ham</strong></span> <span class='ocrx_word' id='word_1_179' title='bbox 136 2523 263 2583; x_wconf 81' lang='lat' dir='ltr'><strong>Caesaris</strong></span> <span class='ocrx_word' id='word_1_180' title='bbox 282 2522 340 2581; x_wconf 90' lang='lat' dir='ltr'><strong>mei</strong></span> <span class='ocrx_word' id='word_1_181' title='bbox 360 2537 429 2597; x_wconf 86' lang='lat' dir='ltr'><strong>ergo</strong></span> <span class='ocrx_word' id='word_1_182' title='bbox 450 2523 624 2596; x_wconf 87' lang='lat' dir='ltr'><strong>incurreret,</strong></span> <span class='ocrx_word' id='word_1_183' title='bbox 648 2539 700 2581; x_wconf 88' lang='lat' dir='ltr'><strong>nec</strong></span> <span class='ocrx_word' id='word_1_184' title='bbox 721 2529 817 2582; x_wconf 90' lang='lat' dir='ltr'><strong>tamen</strong></span> <span class='ocrx_word' id='word_1_185' title='bbox 839 2524 980 2583; x_wconf 81' lang='lat' dir='ltr'><strong>Caesarem</strong></span> <span class='ocrx_word' id='word_1_186' title='bbox 1002 2524 1077 2583; x_wconf 88' lang='lat' dir='ltr'><strong>flecti</strong></span> <span class='ocrx_word' id='word_1_187' title='bbox 1100 2527 1228 2599; x_wconf 92' lang='lat' dir='ltr'><strong>potuisse</strong></span> 
     </span>
     <span class='ocr_line' id='line_1_23' title="bbox 9 2610 1227 2709; baseline -0.002 -20"><span class='ocrx_word' id='word_1_188' title='bbox 9 2610 16 2709; x_wconf 47' lang='lat' dir='ltr'>J</span> <span class='ocrx_word' id='word_1_189' title='bbox 57 2628 155 2691; x_wconf 91' lang='lat' dir='ltr'><strong>denuo.</strong></span> <span class='ocrx_word' id='word_1_190' title='bbox 188 2628 221 2689; x_wconf 89' lang='lat' dir='ltr'><strong>Si</strong></span> <span class='ocrx_word' id='word_1_191' title='bbox 234 2630 297 2703; x_wconf 91' lang='lat' dir='ltr'><strong>ipse</strong></span> <span class='ocrx_word' id='word_1_192' title='bbox 313 2628 350 2687; x_wconf 91' lang='lat' dir='ltr'><strong>de</strong></span> <span class='ocrx_word' id='word_1_193' title='bbox 363 2627 421 2687; x_wconf 89' lang='lat' dir='ltr'><strong>alia</strong></span> <span class='ocrx_word' id='word_1_194' title='bbox 437 2628 484 2687; x_wconf 84' lang='lat' dir='ltr'><strong>uia</strong></span> <span class='ocrx_word' id='word_1_195' title='bbox 499 2628 626 2701; x_wconf 88' lang='lat' dir='ltr'><strong>cogitare</strong></span> <span class='ocrx_word' id='word_1_196' title='bbox 641 2644 765 2701; x_wconf 91' lang='lat' dir='ltr'><strong>possem,</strong></span> <span class='ocrx_word' id='word_1_197' title='bbox 789 2645 853 2686; x_wconf 90' lang='lat' dir='ltr'><strong>eum</strong></span> <span class='ocrx_word' id='word_1_198' title='bbox 868 2629 1053 2688; x_wconf 90' lang='lat' dir='ltr'><strong>libentissime</strong></span> <span class='ocrx_word' id='word_1_199' title='bbox 1068 2629 1137 2685; x_wconf 94' lang='lat' dir='ltr'><strong>mihi</strong></span> <span class='ocrx_word' id='word_1_200' title='bbox 1153 2645 1227 2702; x_wconf 80' lang='lat' dir='ltr'><strong>prse-</strong></span> 
     </span>
     <span class='ocr_line' id='line_1_24' title="bbox 12 2732 1225 2807; baseline 0.001 -16"><span class='ocrx_word' id='word_1_201' title='bbox 12 2789 16 2803; x_wconf 82' lang='grc'>,</span> <span class='ocrx_word' id='word_1_202' title='bbox 58 2734 123 2793; x_wconf 92' lang='lat' dir='ltr'><strong>sidio</strong></span> <span class='ocrx_word' id='word_1_203' title='bbox 137 2732 278 2793; x_wconf 87' lang='lat' dir='ltr'><strong>futurum.</strong></span> <span class='ocrx_word' id='word_1_204' title='bbox 316 2733 379 2793; x_wconf 87' lang='lat' dir='ltr'><strong>Nee</strong></span> <span class='ocrx_word' id='word_1_205' title='bbox 392 2733 544 2807; x_wconf 88' lang='lat' dir='ltr'><strong>quicquam</strong></span> <span class='ocrx_word' id='word_1_206' title='bbox 559 2734 707 2792; x_wconf 86' lang='lat' dir='ltr'><strong>xeniorum</strong></span> <span class='ocrx_word' id='word_1_207' title='bbox 722 2739 772 2791; x_wconf 88' lang='lat' dir='ltr'><strong>aut</strong></span> <span class='ocrx_word' id='word_1_208' title='bbox 792 2749 942 2792; x_wconf 89' lang='lat' dir='ltr'><strong>munerum</strong></span> <span class='ocrx_word' id='word_1_209' title='bbox 963 2750 994 2792; x_wconf 89' lang='lat' dir='ltr'><strong>se</strong></span> <span class='ocrx_word' id='word_1_210' title='bbox 1015 2734 1124 2792; x_wconf 90' lang='lat' dir='ltr'><strong>ambire</strong></span> <span class='ocrx_word' id='word_1_211' title='bbox 1144 2732 1225 2792; x_wconf 86' lang='lat' dir='ltr'><strong>dixit.</strong></span> 
     </span>
     <span class='ocr_line' id='line_1_25' title="bbox 58 2836 1227 2914; baseline -0.002 -15"><span class='ocrx_word' id='word_1_212' title='bbox 58 2839 181 2914; x_wconf 87' lang='lat' dir='ltr'><strong>Insuper,</strong></span> <span class='ocrx_word' id='word_1_213' title='bbox 202 2839 308 2913; x_wconf 82' lang='lat' dir='ltr'><strong>inquit,</strong></span> <span class='ocrx_word' id='word_1_214' title='bbox 327 2837 426 2897; x_wconf 88' lang='lat' dir='ltr'><strong>intime</strong></span> <span class='ocrx_word' id='word_1_215' title='bbox 439 2838 483 2897; x_wconf 91' lang='lat' dir='ltr'><strong>illi</strong></span> <span class='ocrx_word' id='word_1_216' title='bbox 497 2840 663 2912; x_wconf 90' lang='lat' dir='ltr'><strong>compatior.</strong></span> <span class='ocrx_word' id='word_1_217' title='bbox 695 2836 766 2896; x_wconf 81' lang='lat' dir='ltr'><strong>Cum</strong></span> <span class='ocrx_word' id='word_1_218' title='bbox 780 2837 914 2896; x_wconf 88' lang='lat' dir='ltr'><strong>Liberius</strong></span> <span class='ocrx_word' id='word_1_219' title='bbox 929 2839 970 2897; x_wconf 89' lang='lat' dir='ltr'><strong>illi</strong></span> <span class='ocrx_word' id='word_1_220' title='bbox 984 2839 1227 2912; x_wconf 85' lang='lat' dir='ltr'><strong>importunitatem</strong></span> 
     </span>
     <span class='ocr_line' id='line_1_26' title="bbox 58 2943 1227 3019; baseline 0.002 -16"><span class='ocrx_word' id='word_1_221' title='bbox 58 2960 133 3005; x_wconf 85' lang='lat' dir='ltr'><strong>suam</strong></span> <span class='ocrx_word' id='word_1_222' title='bbox 146 2943 308 3005; x_wconf 87' lang='lat' dir='ltr'><strong>condonari</strong></span> <span class='ocrx_word' id='word_1_223' title='bbox 321 2948 497 3019; x_wconf 83' lang='lat' dir='ltr'><strong>precaretur,</strong></span> <span class='ocrx_word' id='word_1_224' title='bbox 513 2943 681 3019; x_wconf 87' lang='lat' dir='ltr'><strong>respondet:</strong></span> <span class='ocrx_word' id='word_1_225' title='bbox 705 2945 771 3003; x_wconf 87' lang='lat' dir='ltr'><strong>Non</strong></span> <span class='ocrx_word' id='word_1_226' title='bbox 787 2944 844 3003; x_wconf 88' lang='lat' dir='ltr'><strong>eris</strong></span> <span class='ocrx_word' id='word_1_227' title='bbox 860 2943 929 3002; x_wconf 92' lang='lat' dir='ltr'><strong>mihi</strong></span> <span class='ocrx_word' id='word_1_228' title='bbox 944 2945 1089 3019; x_wconf 86' lang='lat' dir='ltr'><strong>molestus,</strong></span> <span class='ocrx_word' id='word_1_229' title='bbox 1112 2944 1227 3005; x_wconf 87' lang='lat' dir='ltr'><strong>audiam</strong></span> 
     </span>
     <span class='ocr_line' id='line_1_27' title="bbox 59 3051 306 3123; baseline -0.012 -12"><span class='ocrx_word' id='word_1_230' title='bbox 59 3052 165 3123; x_wconf 75' lang='lat' dir='ltr'><strong>euodes</strong></span> <span class='ocrx_word' id='word_1_231' title='bbox 180 3051 306 3110; x_wconf 82' lang='lat' dir='ltr'><strong>veneris.</strong></span> 
     </span>
    </p>

    <p class='ocr_par' dir='ltr' id='par_1_8' title="bbox 55 3149 1228 4057">
     <span class='ocr_line' id='line_1_28' title="bbox 139 3149 1225 3230; baseline -0.005 -15"><span class='ocrx_word' id='word_1_232' title='bbox 139 3152 265 3230; x_wconf 82' lang='lat' dir='ltr'><strong>Adjotor</strong></span> <span class='ocrx_word' id='word_1_233' title='bbox 279 3155 311 3213; x_wconf 93' lang='lat' dir='ltr'><strong>in</strong></span> <span class='ocrx_word' id='word_1_234' title='bbox 326 3154 541 3229; x_wconf 84' lang='lat' dir='ltr'><strong>opportunitate</strong></span> <span class='ocrx_word' id='word_1_235' title='bbox 555 3159 585 3213; x_wconf 90' lang='lat' dir='ltr'><strong>et</strong></span> <span class='ocrx_word' id='word_1_236' title='bbox 600 3169 665 3226; x_wconf 90' lang='lat' dir='ltr'><strong>spes</strong></span> <span class='ocrx_word' id='word_1_237' title='bbox 681 3149 850 3212; x_wconf 87' lang='lat' dir='ltr'><strong>afflictorum</strong></span> <span class='ocrx_word' id='word_1_238' title='bbox 866 3154 954 3227; x_wconf 89' lang='lat' dir='ltr'><strong>Deus,</strong></span> <span class='ocrx_word' id='word_1_239' title='bbox 978 3170 1014 3211; x_wconf 91' lang='lat' dir='ltr'><strong>ne</strong></span> <span class='ocrx_word' id='word_1_240' title='bbox 1033 3169 1086 3211; x_wconf 89' lang='lat' dir='ltr'><strong>nos</strong></span> <span class='ocrx_word' id='word_1_241' title='bbox 1100 3152 1225 3213; x_wconf 86' lang='lat' dir='ltr'><strong>deseras.</strong></span> 
     </span>
     <span class='ocr_line' id='line_1_29' title="bbox 57 3257 1226 3337; baseline -0.005 -16"><span class='ocrx_word' id='word_1_242' title='bbox 57 3260 201 3323; x_wconf 79' lang='lat' dir='ltr'><strong>Memento</strong></span> <span class='ocrx_word' id='word_1_243' title='bbox 213 3259 412 3337; x_wconf 88' lang='lat' dir='ltr'><strong>promissionis</strong></span> <span class='ocrx_word' id='word_1_244' title='bbox 427 3266 495 3334; x_wconf 90' lang='lat' dir='ltr'><strong>tuae,</strong></span> <span class='ocrx_word' id='word_1_245' title='bbox 507 3260 556 3333; x_wconf 89' lang='lat' dir='ltr'><strong>qui</strong></span> <span class='ocrx_word' id='word_1_246' title='bbox 570 3275 623 3332; x_wconf 90' lang='lat' dir='ltr'><strong>per</strong></span> <span class='ocrx_word' id='word_1_247' title='bbox 637 3274 669 3316; x_wconf 92' lang='lat' dir='ltr'><strong>os</strong></span> <span class='ocrx_word' id='word_1_248' title='bbox 684 3257 832 3332; x_wconf 86' lang='lat' dir='ltr'><strong>prophetae</strong></span> <span class='ocrx_word' id='word_1_249' title='bbox 847 3260 889 3317; x_wconf 91' lang='lat' dir='ltr'><strong>tui</strong></span> <span class='ocrx_word' id='word_1_250' title='bbox 906 3259 1016 3317; x_wconf 85' lang='lat' dir='ltr'><strong>dixisti:</strong></span> <span class='ocrx_word' id='word_1_251' title='bbox 1045 3259 1096 3315; x_wconf 84' lang='lat' dir='ltr'><strong>«In</strong></span> <span class='ocrx_word' id='word_1_252' title='bbox 1112 3257 1160 3316; x_wconf 91' lang='lat' dir='ltr'><strong>die</strong></span> <span class='ocrx_word' id='word_1_253' title='bbox 1173 3260 1226 3316; x_wconf 89' lang='lat' dir='ltr'><strong>tri·</strong></span> 
     </span>
     <span class='ocr_line' id='line_1_30' title="bbox 58 3362 1227 3438; baseline -0.005 -11"><span class='ocrx_word' id='word_1_254' title='bbox 58 3364 208 3427; x_wconf 77' lang='lat' dir='ltr'><strong>muttonis</strong></span> <span class='ocrx_word' id='word_1_255' title='bbox 222 3368 326 3425; x_wconf 84' lang='lat' dir='ltr'><strong>invoca</strong></span> <span class='ocrx_word' id='word_1_256' title='bbox 340 3381 385 3424; x_wconf 91' lang='lat' dir='ltr'><strong>me</strong></span> <span class='ocrx_word' id='word_1_257' title='bbox 400 3370 430 3423; x_wconf 89' lang='lat' dir='ltr'><strong>et</strong></span> <span class='ocrx_word' id='word_1_258' title='bbox 448 3380 501 3438; x_wconf 92' lang='lat' dir='ltr'><strong>ego</strong></span> <span class='ocrx_word' id='word_1_259' title='bbox 521 3380 619 3423; x_wconf 88' lang='lat' dir='ltr'><strong>ernam</strong></span> <span class='ocrx_word' id='word_1_260' title='bbox 639 3369 698 3422; x_wconf 73' lang='lat' dir='ltr'><strong>te«</strong></span> <span class='ocrx_word' id='word_1_261' title='bbox 731 3364 797 3422; x_wconf 93' lang='lat' dir='ltr'><strong>Tibi</strong></span> <span class='ocrx_word' id='word_1_262' title='bbox 812 3365 1000 3438; x_wconf 80' lang='lat' dir='ltr'><strong>peccavimus,</strong></span> <span class='ocrx_word' id='word_1_263' title='bbox 1016 3380 1051 3421; x_wconf 90' lang='lat' dir='ltr'><strong>ne</strong></span> <span class='ocrx_word' id='word_1_264' title='bbox 1067 3368 1160 3421; x_wconf 88' lang='lat' dir='ltr'><strong>autem</strong></span> <span class='ocrx_word' id='word_1_265' title='bbox 1176 3362 1227 3421; x_wconf 88' lang='lat' dir='ltr'><strong>des</strong></span> 
     </span>
     <span class='ocr_line' id='line_1_31' title="bbox 57 3464 1225 3543; baseline -0.002 -14"><span class='ocrx_word' id='word_1_266' title='bbox 57 3472 204 3531; x_wconf 81' lang='lat' dir='ltr'><strong>ueritatem</strong></span> <span class='ocrx_word' id='word_1_267' title='bbox 225 3475 306 3531; x_wconf 87' lang='lat' dir='ltr'><strong>tuam</strong></span> <span class='ocrx_word' id='word_1_268' title='bbox 328 3469 366 3530; x_wconf 94' lang='lat' dir='ltr'><strong>ob</strong></span> <span class='ocrx_word' id='word_1_269' title='bbox 388 3474 501 3529; x_wconf 90' lang='lat' dir='ltr'><strong>nostras</strong></span> <span class='ocrx_word' id='word_1_270' title='bbox 523 3469 765 3543; x_wconf 89' lang='lat' dir='ltr'><strong>transgressiones</strong></span> <span class='ocrx_word' id='word_1_271' title='bbox 793 3468 933 3528; x_wconf 90' lang='lat' dir='ltr'><strong>dedecore</strong></span> <span class='ocrx_word' id='word_1_272' title='bbox 960 3470 997 3528; x_wconf 87' lang='lat' dir='ltr'><strong>ab</strong></span> <span class='ocrx_word' id='word_1_273' title='bbox 1019 3468 1113 3542; x_wconf 88' lang='lat' dir='ltr'><strong>impiis</strong></span> <span class='ocrx_word' id='word_1_274' title='bbox 1140 3464 1225 3527; x_wconf 86' lang='lat' dir='ltr'><strong>affici.</strong></span> 
     </span>
     <span class='ocr_line' id='line_1_32' title="bbox 58 3572 1226 3651; baseline -0.002 -16"><span class='ocrx_word' id='word_1_275' title='bbox 58 3574 123 3649; x_wconf 72' lang='lat' dir='ltr'><strong>Quis</strong></span> <span class='ocrx_word' id='word_1_276' title='bbox 138 3579 236 3635; x_wconf 88' lang='lat' dir='ltr'><strong>autem</strong></span> <span class='ocrx_word' id='word_1_277' title='bbox 250 3591 307 3651; x_wconf 88' lang='lat' dir='ltr'><strong>ego</strong></span> <span class='ocrx_word' id='word_1_278' title='bbox 322 3589 394 3649; x_wconf 87' lang='lat' dir='ltr'><strong>sum,</strong></span> <span class='ocrx_word' id='word_1_279' title='bbox 418 3574 443 3633; x_wconf 89' lang='lat' dir='ltr'><strong>si</strong></span> <span class='ocrx_word' id='word_1_280' title='bbox 457 3590 514 3633; x_wconf 92' lang='lat' dir='ltr'><strong>non</strong></span> <span class='ocrx_word' id='word_1_281' title='bbox 529 3572 677 3633; x_wconf 88' lang='lat' dir='ltr'><strong>reflexeris</strong></span> <span class='ocrx_word' id='word_1_282' title='bbox 698 3576 728 3632; x_wconf 90' lang='lat' dir='ltr'><strong>in</strong></span> <span class='ocrx_word' id='word_1_283' title='bbox 748 3572 847 3633; x_wconf 87' lang='lat' dir='ltr'><strong>faciem</strong></span> <span class='ocrx_word' id='word_1_284' title='bbox 864 3572 979 3647; x_wconf 81' lang='lat' dir='ltr'><strong>Christi,</strong></span> <span class='ocrx_word' id='word_1_285' title='bbox 1003 3574 1149 3649; x_wconf 90' lang='lat' dir='ltr'><strong>inspector</strong></span> <span class='ocrx_word' id='word_1_286' title='bbox 1163 3590 1226 3633; x_wconf 90' lang='lat' dir='ltr'><strong>cor·</strong></span> 
     </span>
     <span class='ocr_line' id='line_1_33' title="bbox 57 3677 1227 3755; baseline -0.004 -15"><span class='ocrx_word' id='word_1_287' title='bbox 57 3678 139 3741; x_wconf 82' lang='lat' dir='ltr'><strong>disat</strong></span> <span class='ocrx_word' id='word_1_288' title='bbox 149 3685 293 3741; x_wconf 77' lang='lat' dir='ltr'><strong>temtator</strong></span> <span class='ocrx_word' id='word_1_289' title='bbox 305 3696 417 3755; x_wconf 89' lang='lat' dir='ltr'><strong>renum,</strong></span> <span class='ocrx_word' id='word_1_290' title='bbox 430 3677 563 3741; x_wconf 85' lang='lat' dir='ltr'><strong>domine?</strong></span> <span class='ocrx_word' id='word_1_291' title='bbox 579 3681 633 3751; x_wconf 89' lang='lat' dir='ltr'><strong>To,</strong></span> <span class='ocrx_word' id='word_1_292' title='bbox 646 3680 771 3752; x_wconf 87' lang='lat' dir='ltr'><strong>inquam,</strong></span> <span class='ocrx_word' id='word_1_293' title='bbox 787 3679 871 3752; x_wconf 89' lang='lat' dir='ltr'><strong>nosti,</strong></span> <span class='ocrx_word' id='word_1_294' title='bbox 888 3696 951 3752; x_wconf 86' lang='lat' dir='ltr'><strong>quae</strong></span> <span class='ocrx_word' id='word_1_295' title='bbox 967 3681 1006 3738; x_wconf 91' lang='lat' dir='ltr'><strong>sit</strong></span> <span class='ocrx_word' id='word_1_296' title='bbox 1022 3677 1139 3738; x_wconf 88' lang='lat' dir='ltr'><strong>afflictio</strong></span> <span class='ocrx_word' id='word_1_297' title='bbox 1153 3695 1227 3737; x_wconf 88' lang='lat' dir='ltr'><strong>mes.</strong></span> 
     </span>
     <span class='ocr_line' id='line_1_34' title="bbox 55 3784 1228 3859; baseline -0.003 -13"><span class='ocrx_word' id='word_1_298' title='bbox 55 3784 166 3847; x_wconf 80' lang='lat' dir='ltr'><strong>Exaudi</strong></span> <span class='ocrx_word' id='word_1_299' title='bbox 180 3802 227 3845; x_wconf 88' lang='lat' dir='ltr'><strong>me</strong></span> <span class='ocrx_word' id='word_1_300' title='bbox 241 3801 296 3859; x_wconf 91' lang='lat' dir='ltr'><strong>per</strong></span> <span class='ocrx_word' id='word_1_301' title='bbox 311 3800 387 3857; x_wconf 92' lang='lat' dir='ltr'><strong>enm,</strong></span> <span class='ocrx_word' id='word_1_302' title='bbox 410 3785 459 3859; x_wconf 91' lang='lat' dir='ltr'><strong>qui</strong></span> <span class='ocrx_word' id='word_1_303' title='bbox 474 3785 556 3845; x_wconf 87' lang='lat' dir='ltr'><strong>nobis</strong></span> <span class='ocrx_word' id='word_1_304' title='bbox 573 3785 643 3843; x_wconf 90' lang='lat' dir='ltr'><strong>nihil</strong></span> <span class='ocrx_word' id='word_1_305' title='bbox 658 3801 717 3843; x_wconf 90' lang='lat' dir='ltr'><strong>non</strong></span> <span class='ocrx_word' id='word_1_306' title='bbox 732 3800 834 3859; x_wconf 88' lang='lat' dir='ltr'><strong>passus</strong></span> <span class='ocrx_word' id='word_1_307' title='bbox 856 3790 908 3857; x_wconf 91' lang='lat' dir='ltr'><strong>est,</strong></span> <span class='ocrx_word' id='word_1_308' title='bbox 933 3785 1078 3843; x_wconf 93' lang='lat' dir='ltr'><strong>dominum</strong></span> <span class='ocrx_word' id='word_1_309' title='bbox 1099 3790 1228 3843; x_wconf 77' lang='lat' dir='ltr'><strong>cosmum</strong></span> 
     </span>
     <span class='ocr_line' id='line_1_35' title="bbox 56 3886 1227 3964; baseline -0.005 -13"><span class='ocrx_word' id='word_1_310' title='bbox 56 3890 151 3951; x_wconf 80' lang='lat' dir='ltr'><strong>lesum</strong></span> <span class='ocrx_word' id='word_1_311' title='bbox 166 3890 314 3951; x_wconf 77' lang='lat' dir='ltr'><strong>Christum</strong></span> <span class='ocrx_word' id='word_1_312' title='bbox 333 3886 424 3947; x_wconf 80' lang='lat' dir='ltr'><strong>tilium</strong></span> <span class='ocrx_word' id='word_1_313' title='bbox 443 3894 532 3964; x_wconf 90' lang='lat' dir='ltr'><strong>tunm,</strong></span> <span class='ocrx_word' id='word_1_314' title='bbox 556 3891 605 3964; x_wconf 86' lang='lat' dir='ltr'><strong>qni</strong></span> <span class='ocrx_word' id='word_1_315' title='bbox 624 3896 717 3948; x_wconf 87' lang='lat' dir='ltr'><strong>tecum</strong></span> <span class='ocrx_word' id='word_1_316' title='bbox 737 3889 807 3948; x_wconf 86' lang='lat' dir='ltr'><strong>vivit</strong></span> <span class='ocrx_word' id='word_1_317' title='bbox 827 3895 857 3948; x_wconf 91' lang='lat' dir='ltr'><strong>et</strong></span> <span class='ocrx_word' id='word_1_318' title='bbox 875 3896 978 3962; x_wconf 87' lang='lat' dir='ltr'><strong>regnat</strong></span> <span class='ocrx_word' id='word_1_319' title='bbox 998 3890 1028 3946; x_wconf 92' lang='lat' dir='ltr'><strong>in</strong></span> <span class='ocrx_word' id='word_1_320' title='bbox 1043 3889 1154 3947; x_wconf 89' lang='lat' dir='ltr'><strong>unitate</strong></span> <span class='ocrx_word' id='word_1_321' title='bbox 1169 3888 1227 3962; x_wconf 89' lang='lat' dir='ltr'><strong>spi·</strong></span> 
     </span>
     <span class='ocr_line' id='line_1_36' title="bbox 56 3993 429 4057; baseline -0.013 1"><span class='ocrx_word' id='word_1_322' title='bbox 56 3996 124 4057; x_wconf 85' lang='lat' dir='ltr'><strong>ritus</strong></span> <span class='ocrx_word' id='word_1_323' title='bbox 138 4014 163 4057; x_wconf 87' lang='lat' dir='ltr'><strong>s.</strong></span> <span class='ocrx_word' id='word_1_324' title='bbox 178 3998 211 4057; x_wconf 90' lang='lat' dir='ltr'><strong>in</strong></span> <span class='ocrx_word' id='word_1_325' title='bbox 225 3994 326 4056; x_wconf 82' lang='lat' dir='ltr'><strong>secula</strong></span> <span class='ocrx_word' id='word_1_326' title='bbox 340 3993 429 4054; x_wconf 88' lang='lat' dir='ltr'><strong>Deus.</strong></span> 
     </span>
    </p>

    <p class='ocr_par' dir='ltr' id='par_1_9' title="bbox 56 4095 1228 4283">
     <span class='ocr_line' id='line_1_37' title="bbox 139 4095 1225 4177; baseline -0.006 -16"><span class='ocrx_word' id='word_1_327' title='bbox 139 4102 197 4177; x_wconf 89' lang='lat' dir='ltr'><strong>Da,</strong></span> <span class='ocrx_word' id='word_1_328' title='bbox 213 4100 339 4176; x_wconf 90' lang='lat' dir='ltr'><strong>domine,</strong></span> <span class='ocrx_word' id='word_1_329' title='bbox 359 4116 397 4160; x_wconf 87' lang='lat' dir='ltr'><strong>ne</strong></span> <span class='ocrx_word' id='word_1_330' title='bbox 411 4099 547 4160; x_wconf 85' lang='lat' dir='ltr'><strong>adversus</strong></span> <span class='ocrx_word' id='word_1_331' title='bbox 563 4105 591 4159; x_wconf 92' lang='lat' dir='ltr'><strong>te</strong></span> <span class='ocrx_word' id='word_1_332' title='bbox 607 4116 674 4159; x_wconf 88' lang='lat' dir='ltr'><strong>earo</strong></span> <span class='ocrx_word' id='word_1_333' title='bbox 690 4099 808 4174; x_wconf 88' lang='lat' dir='ltr'><strong>gloriari</strong></span> <span class='ocrx_word' id='word_1_334' title='bbox 823 4099 922 4171; x_wconf 90' lang='lat' dir='ltr'><strong>possit,</strong></span> <span class='ocrx_word' id='word_1_335' title='bbox 944 4113 989 4155; x_wconf 87' lang='lat' dir='ltr'><strong>me</strong></span> <span class='ocrx_word' id='word_1_336' title='bbox 1004 4097 1098 4170; x_wconf 90' lang='lat' dir='ltr'><strong>potius</strong></span> <span class='ocrx_word' id='word_1_337' title='bbox 1112 4095 1143 4153; x_wconf 93' lang='lat' dir='ltr'><strong>in</strong></span> <span class='ocrx_word' id='word_1_338' title='bbox 1159 4095 1225 4155; x_wconf 86' lang='lat' dir='ltr'><strong>hra-</strong></span> 
     </span>
     <span class='ocr_line' id='line_1_38' title="bbox 56 4200 1228 4283; baseline -0.008 -12"><span class='ocrx_word' id='word_1_339' title='bbox 56 4204 115 4271; x_wconf 81' lang='lat' dir='ltr'><strong>tltio</strong></span> <span class='ocrx_word' id='word_1_340' title='bbox 128 4208 185 4271; x_wconf 79' lang='lat' dir='ltr'><strong>viri</strong></span> <span class='ocrx_word' id='word_1_341' title='bbox 200 4222 290 4283; x_wconf 80' lang='lat' dir='ltr'><strong>quam</strong></span> <span class='ocrx_word' id='word_1_342' title='bbox 303 4207 335 4267; x_wconf 90' lang='lat' dir='ltr'><strong>iu</strong></span> <span class='ocrx_word' id='word_1_343' title='bbox 354 4210 406 4267; x_wconf 85' lang='lat' dir='ltr'><strong>tua</strong></span> <span class='ocrx_word' id='word_1_344' title='bbox 423 4205 551 4267; x_wconf 84' lang='lat' dir='ltr'><strong>bonitate</strong></span> <span class='ocrx_word' id='word_1_345' title='bbox 570 4222 710 4281; x_wconf 89' lang='lat' dir='ltr'><strong>sperasse.</strong></span> <span class='ocrx_word' id='word_1_346' title='bbox 743 4205 808 4265; x_wconf 89' lang='lat' dir='ltr'><strong>Scio</strong></span> <span class='ocrx_word' id='word_1_347' title='bbox 828 4200 951 4277; x_wconf 88' lang='lat' dir='ltr'><strong>quidem,</strong></span> <span class='ocrx_word' id='word_1_348' title='bbox 975 4206 1058 4277; x_wconf 89' lang='lat' dir='ltr'><strong>peter</strong></span> <span class='ocrx_word' id='word_1_349' title='bbox 1078 4201 1127 4277; x_wconf 90' lang='lat' dir='ltr'><strong>mi,</strong></span> <span class='ocrx_word' id='word_1_350' title='bbox 1151 4203 1228 4277; x_wconf 84' lang='lat' dir='ltr'><strong>quod</strong></span> 
     </span>
    </p>
   </div>
   <div class='ocr_carea' id='block_1_2' title="bbox 0 0 1347 4546">
    <p class='ocr_par' dir='ltr' id='par_1_10' title="bbox 0 0 1347 4546">
     <span class='ocr_line' id='line_1_39' title="bbox 0 0 1347 4546; baseline 0 0"><span class='ocrx_word' id='word_1_351' title='bbox 0 0 1347 4546; x_wconf 95' lang='lat' dir='ltr'><strong> </strong></span> 
     </span>
    </p>
   </div>
  </div>
 </body>
</html>
