2706 4530
596 46 647 113 93

60 222 500 299 numerusnumerous,
531 227 709 301 cardinales,
739 230 982 305 archiepiscopos,
1005 232 1149 308 principes
1172 239 1202 293 et

60 329 163 404 inquid
178 335 304 389 statuum
319 331 432 404 imperii
447 330 586 403 Augusta
607 332 718 406 aderat,
741 333 770 390 in
790 333 898 406 palutio
918 335 1006 407 ipsius
1027 336 1129 395 adesse
1149 337 1199 396 de·

61 450 93 495 re
117 435 219 495 edixit.
258 433 387 494 Adfuere
410 435 511 496 eodem
534 441 664 509 tempore
689 442 718 495 et
742 438 843 496 milites
872 441 975 498 armati
998 456 1052 514 pro
1076 443 1200 499 statione

61 546 145 601 ntes.
168 541 238 599 Fuit
254 546 349 599 autem
364 539 442 599 fama
456 541 622 600 interimens
638 542 710 600 illud
724 543 838 601 interim
853 543 1006 616 publicitus
1020 544 1126 604 ibidem
1140 545 1198 618 legi

61 646 141 706 bere.
174 644 232 705 Sed
246 645 407 718 rideamus,
431 649 549 718 postera
564 646 634 718 quid
650 652 746 719 portet
760 647 818 704 lux.

111 750 245 810 Eubulus
261 750 339 823 apud
354 749 498 809 dominam
512 755 641 808 nostram
661 753 818 824 principem
838 752 971 824 coenarit,
995 751 1044 810 ubi
1063 752 1200 826 principis

61 856 183 917 usiliarii
212 853 353 928 Georgius
383 864 407 912 a·
428 853 634 929 Beumelburg,
664 857 692 914 ll.
721 856 837 929 doctor,
869 855 1009 915 Melchior
1036 872 1054 914 a
1080 856 1200 915 Homtal

61 958 180 1019 ciectus
196 957 328 1032 CalcidlS,
350 957 490 1031 Georgius
506 975 522 1018 a
538 960 688 1034 Molsburg
703 966 834 1035 satrapas
848 961 879 1018 in
894 960 1029 1033 Lycilnoo
1044 976 1096 1018 seu
1110 961 1199 1018 maus

61 1062 199 1138 dflragen
217 1064 330 1122 Hassioe
353 1078 467 1135 quoque
489 1063 620 1123 aderant.
657 1065 683 1122 A
705 1080 788 1123 coena
808 1064 925 1124 domina
946 1063 1091 1123 Christina
1109 1063 1140 1121 in
1154 1061 1197 1121 fa·

61 1168 128 1253 l'nri
149 1167 294 1240 colloquio
313 1166 441 1226 Volrado
460 1168 568 1241 retulit,
593 1167 736 1228 dominam
757 1168 941 1228 catharinam
962 1184 1074 1228 socrum
1093 1167 1199 1227 Eubuli

63 1274 161 1348 ipsam
177 1271 349 1331 christinam
365 1271 504 1344 sanguine
516 1272 632 1343 iunctas
652 1289 724 1346 esse,
749 1274 856 1334 excidit
874 1278 969 1333 autem
991 1273 1077 1332 modo
1097 1290 1154 1346 quo
1168 1273 1199 1331 in

61 1371 124 1437 idn.
164 1375 281 1435 Certum
309 1381 353 1435 est
379 1381 474 1435 autem
498 1393 533 1436 ex
555 1377 819 1451 brandenburgensi
842 1378 926 1437 domo
953 1377 1028 1438 hanc
1050 1378 1198 1452 sanguinis

61 1497 123 1542 rum
135 1482 314 1554 junctionem
329 1497 401 1540 esse.

99 1586 224 1661 ‚Eadem
246 1586 403 1658 plagiarius
425 1585 539 1659 quidam
560 1587 696 1647 advectus
716 1595 772 1661 est,
797 1589 846 1661 qui
865 1589 1004 1663 quosdam
1023 1596 1197 1649 mercatores

66 1692 178 1752 ditione
198 1690 371 1749 marchionis
392 1689 506 1749 Alberti
526 1692 674 1766 spoliarat,
698 1694 765 1753 licet
784 1695 884 1753 Norici
904 1696 979 1753 cives
1000 1694 1029 1751 in
1044 1710 1096 1753 suo
1110 1695 1196 1752 terri·

62 1797 97 1857 ‚lo
110 1796 145 1855 id
159 1794 266 1854 iactum
281 1795 410 1853 dicerent
424 1810 458 1853 ac
470 1795 633 1871 praedonem
650 1797 939 1871 comprehendissent.
969 1797 1086 1855 Mature
1101 1803 1197 1855 autem

62 1916 122 1961 esar
133 1900 327 1960 interveniens
341 1900 482 1958 hominem
498 1899 554 1957 huo
568 1900 726 1973 Augustam
740 1902 778 1961 ad
793 1901 973 1977 plectendum
988 1901 1090 1961 advehi
1101 1900 1195 1973 iussit.

110 2004 234 2065 Domine
255 2006 340 2078 lesu,
365 2003 432 2065 dum
452 2003 638 2063 fabricatores
660 2007 741 2079 impii
762 2004 904 2066 fabricant
925 2007 1055 2079 interim,
1078 2012 1110 2065 tu
1132 2007 1196 2064 veni

62 2112 135 2170 crea
149 2115 179 2168 et
194 2128 247 2170 nos
262 2127 346 2170 serva
361 2108 400 2168 ab
414 2110 547 2168 intricate
562 2110 675 2167 interim
692 2125 801 2183 nosque
817 2111 903 2170 verbo
919 2118 969 2171 tuo
983 2126 1078 2185 pasce.

110 2214 281 2275 Gatechismi
303 2215 497 2288 frequentatio
518 2213 565 2272 hic
588 2231 771 2288 permenses
794 2217 904 2290 aliquot
922 2218 959 2276 ob
983 2215 1194 2289 improbitatem

62 2320 440 2395 lgilberorumintermissa
455 2324 508 2377 est.
956 2386 960 2397 ι

108 2425 222 2484 Eadem
243 2442 261 2484 a
282 2423 427 2482 nonnullis
449 2423 531 2482 nobis
554 2423 739 2498 dictumest,
772 2424 968 2485 Coloniensem
992 2438 1022 2481 se
1047 2423 1193 2495 obtulisse,

62 2531 178 2590 comites
193 2529 374 2589 Waldeciani
388 2528 480 2601 ipsum
496 2526 584 2586 allatu
604 2527 804 2602 dignarentur,
829 2527 907 2602 apud
922 2525 1065 2586 Caesarem
1084 2543 1138 2599 pro
1159 2527 1194 2583 iis

63 2634 200 2695 ercederc
215 2650 247 2693 se
261 2633 344 2693 velle.

108 2739 281 2800 chunmdm
303 2754 322 2796 a
343 2737 536 2811 Boumelburg
558 2754 652 2810 eques·
666 2754 716 2802 sex
735 2736 824 2794 millia
845 2734 973 2812 peditum
995 2735 1034 2793 ad
1058 2735 1195 2794 merenda

62 2844 164 2921 pendia
181 2845 265 2917 jussu
286 2843 406 2902 Caesaris
428 2842 574 2901 conduxit.
605 2843 859 2923 Argentoratensis
878 2857 948 2915 ager
967 2839 1143 2913 pedetentim
1157 2841 1194 2900 ab

62 2950 112 3011 tris
124 2950 186 3025 peti
203 2948 318 3008 dicitnr.

105 3055 155 3128 xvj
176 3053 249 3126 Maji
267 3057 335 3110 ante
354 3052 483 3124 quintam
504 3056 645 3111 mercator
666 3048 781 3123 quidam
801 3051 886 3122 venit,
910 3050 1008 3109 solens
1028 3049 1193 3122 gradarium

63 3176 113 3221 um
127 3174 236 3232 emere,
260 3172 360 3217 verum
375 3155 446 3214 nihil
460 3155 537 3214 inter
552 3172 604 3215 nos
619 3160 789 3214 conventum
804 3161 856 3213 est.

100 3248 194 3337 'Qum
203 3258 377 3337 interimit,
400 3259 461 3319 fere
481 3264 588 3334 practer
602 3258 732 3316 ordinem
751 3257 792 3316 fit.
823 3260 915 3331 lgitur
935 3262 965 3316 et
984 3257 1046 3316 heri
1065 3257 1137 3315 nihil
1156 3256 1192 3315 de

63 3367 203 3429 erim-illo
224 3366 331 3427 factum
354 3371 407 3424 est.
444 3364 516 3422 Haec
535 3368 630 3422 autem
650 3365 810 3438 accepimus
832 3360 976 3422 acarolo
999 3378 1017 3421 a
1039 3360 1190 3433 Stookeim,

63 3474 80 3533 i
98 3472 180 3548 apud
202 3474 340 3531 electores
362 3475 392 3528 et
410 3473 502 3528 status
521 3468 634 3543 imperii
654 3466 797 3527 Ooesarem
816 3467 1016 3540 inpraesentia
1034 3463 1192 3525 fratrissui

63 3576 205 3651 rdinandi,
228 3577 431 3647 Romanorum,
454 3574 611 3647 Hungarioe
631 3578 661 3631 et
674 3571 819 3631 Bohemiae
833 3572 919 3645 regis,
943 3586 996 3646 per
1011 3570 1192 3629 archiducem

63 3683 247 3743 mmssiannm
269 3680 448 3753 exposuisse,
478 3677 619 3751 quomodo
643 3681 673 3735 et
695 3693 766 3750 quas
789 3676 826 3734 oh
849 3691 949 3735 causas
973 3681 1002 3735 et
1024 3674 1101 3748 quod
1123 3689 1189 3732 con·

63 3782 123 3849 dito
138 3787 235 3862 gratia
250 3791 279 3844 et
293 3791 415 3859 paterno
430 3784 460 3841 in
475 3783 598 3855 patriam
613 3780 795 3841 Germaniam
811 3779 913 3840 affectu
924 3779 1040 3839 interim
1052 3778 1107 3836 hoc
1121 3791 1189 3833 cone

63 3893 104 3953 ihi
118 3892 249 3965 jusserit,
272 3889 393 3948 mamone
413 3903 483 3946 uero
498 3901 561 3945 cunr
576 3886 607 3945 id
620 3887 662 3944 sic
675 3883 739 3944 fieri
757 3885 884 3944 unanimi
905 3898 1044 3944 consensu
1066 3880 1103 3939 ab
1117 3879 1190 3936 elec·

63 3997 137 4071 ibus,
160 3994 336 4071 principibus
352 3997 383 4050 et
396 3991 516 4051 statibus
530 3991 642 4064 imperii
658 3991 776 4064 petitum
797 3991 844 4048 sit.
875 3990 999 4060 Exigere
1019 3986 1107 4058 igitur
1126 3981 1188 4039 ce·-

63 4115 129 4161 eam
148 4102 330 4176 mnesmtem
349 4097 386 4156 ab
401 4095 571 4157 electoribus
591 4094 788 4156 ecclesiasticis
808 4097 839 4152 et
856 4091 1032 4151 secularibus
1052 4087 1188 4163 principi·-
