2678 4546
643 45 707 111 188

88 227 182 287 uinus
195 228 330 302 precibus
344 226 485 297 instabat,
501 224 679 298 significans,
702 243 755 285 nos
770 243 854 285 omne
868 245 911 285 es
925 231 1056 284 nostrum
1069 227 1118 285 bic
1132 228 1258 301 insump-

88 333 161 391 sisse
182 332 312 404 mbilque
332 331 412 388 ultra
431 332 618 402 pecuniarum
641 332 688 389 vel
709 332 740 388 in
762 346 835 388 zona
856 347 920 389 esse
940 333 986 389 rel
1005 331 1124 390 aliunde
1145 331 1259 390 corradi

88 451 182 508 posse
212 436 334 506 Insuper
348 440 379 494 et
392 451 483 506 equos
498 435 643 492 venditum
659 435 705 493 iri
736 419 847 493 Praesul
862 438 917 493 etsi
935 453 998 494 rem
1018 436 1196 494 detrectaret
1213 420 1266 493 tass

88 555 155 597 meu
169 541 314 612 precamis
329 540 545 612 importunitate
559 541 651 597 rictus
672 541 727 611 ait,
749 540 796 596 abi
817 546 847 597 et
866 556 937 598 voca
960 541 1106 598 dominum
1125 546 1208 598 tuum
1227 545 1259 598 ut

89 660 176 715 quam
190 646 320 702 ocissime
334 661 380 701 me
396 644 588 715 subsequatur
602 644 633 700 in
647 644 785 716 palatium
800 646 925 703 ceesaris.
950 645 1085 704 Liberius
1097 646 1188 717 igitur
1202 659 1258 702 non

88 747 209 822 impigre
224 749 359 820 cumrrit,
374 765 421 805 me
435 747 491 804 hac
503 747 553 805 die
567 749 638 804 nihil
652 749 747 805 minus
761 751 937 820 cogitantem
951 750 1168 821 accersiit,·nec
1181 750 1257 821 ipse

87 859 148 910 met
159 869 213 926 ego
224 852 427 911 mutabundus
442 858 560 922 arrepta
573 854 671 908 tunica
685 853 823 910 velocIter
836 853 867 909 iu
882 854 1019 924 palatium
1027 852 1172 912 contendi.
1195 853 1258 923 Quo

87 963 281 1015 cumrentam
296 963 354 1028 est,
376 959 517 1029 posticum
531 956 673 1015 intrantes
687 957 795 1029 gradus
810 958 920 1030 aliquot
933 957 1167 1029 conscendimus,
1190 957 1258 1014 Pin·

86 1061 233 1134 cingerum
255 1064 285 1119 in
309 1062 473 1121 ambulacro
500 1061 597 1118 cubito
616 1060 729 1120 haerere
750 1063 916 1135 conspicati.
954 1063 1039 1120 Hunc
1060 1078 1131 1134 ergo
1153 1062 1257 1120 Florus

87 1167 164 1224 illico
178 1166 318 1224 accedeus
332 1166 522 1238 interrogavit
534 1165 571 1224 de
586 1167 667 1224 aditu
681 1166 719 1223 ad
733 1167 895 1240 praesnlem.
918 1167 947 1224 Is
958 1167 1042 1238 jubet
1056 1172 1089 1224 ut
1104 1168 1134 1224 i'n
1150 1165 1254 1238 hyber-

86 1271 234 1341 medum,
256 1269 365 1341 quode
380 1271 499 1341 regione
514 1271 607 1328 nostri
627 1276 703 1343 erat,
724 1272 906 1330 intraremus.
937 1272 1062 1330 Januam
1082 1273 1172 1343 igitur
1192 1271 1255 1343 pul·

87 1373 217 1432 sautibus
239 1375 331 1445 primo
359 1375 494 1432 ostiarius
515 1375 634 1433 introitu
657 1391 710 1433 nos
730 1375 888 1449 prohibuit.
928 1375 1140 1448 Superveniens
1161 1381 1255 1432 autem

85 1479 184 1535 senior
199 1478 313 1549 quidam
328 1479 462 1535 ostiatim
477 1495 535 1537 non
548 1479 640 1537 solum
654 1481 689 1541 in
699 1481 755 1538 hoc
768 1480 993 1552 hybernaculum
1006 1479 1059 1537 sed
1073 1485 1103 1536 et
1123 1481 1155 1536 ln
1178 1479 1255 1537 alind

87 1598 213 1655 quoque,
235 1583 316 1655 cujus
331 1583 456 1654 parietes
470 1582 538 1640 huic
552 1585 679 1656 contigui
695 1592 792 1656 erant,
814 1591 844 1643 et
864 1601 953 1656 usque
974 1584 1013 1641 ad
1032 1585 1169 1642 atriolum
1189 1591 1256 1643 ante

85 1685 246 1744 orbiculum
260 1688 376 1745 eamme
391 1688 558 1746 introduxit
586 1688 620 1745 In
635 1690 739 1748 atriolo
752 1691 842 1762 igItur
856 1690 938 1748 robis
953 1688 1190 1762 praestolantibus
1204 1705 1254 1747 au·

86 1791 134 1848 lici
153 1807 288 1864 proceres
307 1791 448 1865 adrepere
466 1799 626 1864 coeperunt
658 1793 729 1851 Post
749 1793 836 1852 breve
854 1794 993 1866 temporis
1011 1793 1140 1864 spacium
1159 1795 1255 1852 senior

87 1896 136 1953 ille
150 1896 354 1968 cubicularius,
377 1898 428 1967 qui
443 1912 495 1954 nos
510 1913 544 1954 eo
559 1896 773 1970 introduxerat,
798 1914 814 1954 e
829 1898 917 1955 cubili
930 1898 1047 1954 cassans
1063 1897 1181 1956 rediens
1200 1899 1251 1967 ait,

86 2000 305 2058 Atrebateusem
319 2000 435 2071 quidem
450 2001 526 2058 intro
541 2001 620 2073 apud
633 2018 769 2059 caesarem
785 2018 862 2074 esse,
885 2017 985 2059 verum
1004 2016 1158 2073 cesarem,
1182 2017 1254 2060 nou·

89 2104 157 2161 dum
171 2104 297 2162 restibus
313 2103 452 2162 indutum
489 2104 605 2162 Interea
620 2105 749 2163 Eubulus
764 2106 864 2164 decet
882 2107 1055 2179 cogitatione
1075 2110 1105 2163 et
1125 2107 1255 2164 oratione

87 2209 236 2279 negocium
248 2223 333 2264 omne
348 2209 497 2266 commisit
533 2209 660 2267 'landem
679 2208 856 2282 Papenheim
874 2210 1041 2268 monoculus
1063 2211 1256 2268 marscbalcus

87 2310 200 2383 imperii
213 2310 338 2370 advent
369 2312 397 2369 Is
414 2328 449 2369 ex
464 2312 551 2370 Floro
565 2315 724 2372 sciscitatus
740 2318 796 2388 est,
821 2315 952 2387 quisnam
967 2319 1044 2372 esset
1065 2314 1125 2370 illic
1145 2313 1183 2371 ad
1206 2329 1252 2371 ca·

87 2417 193 2474 urinum
209 2422 316 2474 astans.
354 2415 457 2474 Florus
472 2417 621 2490 respondit
640 2435 703 2476 esse
724 2419 893 2477 Wolradum
914 2420 1045 2476 comitem
1066 2434 1084 2475 a
1104 2416 1253 2476 Waldeclx.

87 2519 211 2580 Rursum
225 2522 417 2578 marschalcus
431 2520 505 2579 infit:
528 2524 619 2580 Estne
634 2524 680 2581 hic
694 2540 789 2582 comes
804 2524 863 2598 ille,
880 2524 930 2595 qui
944 2539 975 2580 se
990 2521 1028 2579 ad
1037 2523 1255 2593 caesar-lugemus

87 2626 289 2696 provolutums
302 2625 370 2683 est?
393 2627 596 2700 Respondente
610 2628 712 2686 Floro:
737 2629 798 2686 Imo
813 2630 837 2685 is
852 2634 911 2699 est,
935 2625 1113 2697 Papenbeim
1135 2604 1189 2684 nos
1210 2641 1253 2681 sa·

87 2728 182 2786 lutans
204 2731 257 2787 ait:
282 2731 417 2803 Domine,
439 2731 491 2790 tibi
511 2730 654 2789 machaera
676 2731 846 2804 deponenda
866 2735 924 2788 est:
950 2731 980 2788 Si
995 2746 1069 2803 puer
1083 2730 1190 2800 aliquis
1204 2727 1253 2786 ad·

86 2838 172 2903 osset,
189 2834 238 2902 qui
254 2848 316 2889 eam
330 2835 384 2891 tibi
399 2841 570 2894 asservare
600 2835 644 2892 Ac
659 2837 720 2908 ipse
734 2835 942 2908 marschalcus‚
965 2843 997 2892 ut
1017 2841 1063 2892 est
1083 2833 1169 2890 homo
1189 2848 1255 2891 vere

87 2936 194 3007 probus
210 2942 239 2994 et
253 2937 432 3009 simplicioris
448 2939 568 3012 ingenii,
584 2940 743 2998 Adrianum
759 2947 887 3000 nostrum
902 2940 1023 2998 accessit
1038 2954 1073 2995 ac
1087 2938 1129 2994 illi
1145 2937 1253 3010 gladio-

86 3039 146 3096 lum
161 3041 295 3111 tradidit,
319 3045 508 3114 reversusque
521 3044 561 3101 ad
575 3059 642 3115 nos,
663 3046 766 3116 quibus
782 3045 960 3103 ceremoniis
976 3061 1028 3101 nos
1042 3041 1081 3101 ad
1094 3057 1191 3114 genua
1206 3041 1253 3099 de

87 3145 273 3217 nritteremus,
290 3146 397 3217 docuit,
412 3147 516 3216 jubens
527 3145 627 3205 faciem
636 3150 673 3207 ad
688 3155 794 3207 terram
805 3166 924 3222 pronam
936 3148 1080 3219 haberem,
1097 3145 1191 3206 donec
1204 3147 1254 3202 im·

86 3256 203 3319 perator
211 3252 272 3320 ipse
279 3266 324 3308 me
332 3252 553 3321 admaJestatem
563 3268 642 3310 suam
652 3255 788 3312 accedere
797 3254 920 3326 juberet.
946 3253 1139 3323 Quamobrem
1147 3252 1255 3323 gratias

87 3351 127 3408 illi
137 3368 228 3424 agens
242 3371 296 3424 pro
309 3355 364 3411 bac
377 3353 578 3414 informatione
590 3365 622 3415 et
633 3358 709 3429 quod
718 3375 762 3415 me
774 3359 913 3416 hedenus
923 3360 953 3416 in
964 3358 1089 3429 hospitio
1100 3357 1253 3428 impertur-

86 3455 183 3512 batum
199 3458 361 3530 reliquisset
376 3459 453 3532 (narn
469 3459 658 3532 hospitiorum
674 3462 805 3519 ordinum
820 3463 933 3534 imperii
947 3467 1072 3518 metator
1087 3459 1154 3532 est).
1184 3460 1255 3517 Erat

86 3565 181 3617 autern
197 3557 257 3619 fere
272 3561 391 3619 decima.
422 3564 507 3621 l'enit
521 3565 636 3622 tandem
659 3565 854 3636 Schaumberg
874 3564 945 3622 baro
965 3570 994 3622 et
1014 3571 1123 3635 pretor
1145 3563 1254 3636 palatii,

86 3665 153 3723 item
168 3665 334 3738 capitaneus
349 3666 545 3726 excubitorum
561 3671 677 3728 casaris
700 3668 830 3727 domiuus
854 3668 889 3727 de
913 3668 1078 3741 Zeltingen,
1105 3673 1136 3726 et
1157 3668 1254 3739 plures

85 3769 152 3828 Itali
172 3776 202 3828 et
220 3770 297 3828 Iberi
319 3773 438 3830 cnmrei
457 3775 708 3848 anteambulones,
732 3790 784 3831 nec
804 3773 906 3832 aberat
928 3774 1032 3830 Petrus
1051 3789 1070 3830 a
1088 3769 1254 3842 Malvenda,

86 3873 135 3943 qui
151 3873 274 3946 obliquis
289 3877 378 3934 oculis
392 3894 444 3936 nos
460 3879 579 3936 intuitus
594 3880 693 3938 sedulo
708 3880 772 3937 risit
793 3884 822 3936 et
845 3877 905 3936 lere
928 3878 1018 3950 digito
1040 3877 1253 3946 demonstraus,

85 3979 167 4047 (quusi
182 3978 300 4038 diceret:
326 3982 389 4039 Hoc
405 3989 449 4041 est
464 3982 542 4055 quod
557 3981 770 4056 desiderabam,
795 3984 862 4055 quia
877 3984 959 4055 pejus
974 3979 1069 4040 fucere
1089 3979 1176 4039 modo
1197 3994 1255 4039 nou

85 4096 211 4149 pinsum.
242 4083 337 4144 llnbet
353 4093 446 4145 autern
464 4103 554 4145 caesar
569 4104 687 4158 linrvum
704 4087 926 4159 lnberrrnculiuu
950 4084 1080 4144 cubiculo
1099 4099 1151 4143 suo
1171 4085 1253 4156 junc-
