2678 4546
645 110 711 180 22⁷

101 294 169 357 lebci
182 312 282 356 rerum
296 310 430 355 successu
445 300 475 355 et
488 293 595 355 invidia
614 312 673 354 non
694 297 785 356 solum
805 297 894 356 oculis
912 297 1045 373 lippiunt,
1071 298 1122 358 sed
1136 299 1266 359 omnibns

103 405 182 479 talpis
198 410 228 464 ιι
242 403 363 463 Tiresiis
378 402 545 461 caecntiores
560 407 635 461 sunt.
659 401 833 475 Recordare,
851 402 973 478 domine,
990 409 1020 463 et
1034 406 1145 479 respice
1160 421 1265 479 oppro-

101 509 187 569 brium
202 526 356 569 servorum
369 506 500 583 tuorum,
514 506 655 566 humiliati
672 509 747 566 enim
762 524 858 566 sumus
874 510 970 582 nimis,
993 512 1026 567 ut
1048 510 1118 582 qnid
1132 509 1265 583 blaspbe-

101 621 190 675 matur
204 631 310 674 nomen
329 619 412 672 tuum
426 630 484 673 non
498 614 589 673 solum
604 614 680 672 inter
694 621 809 688 gentes,
835 631 899 688 quae
922 632 981 674 non
1003 620 1144 675 noverunt
1163 633 1268 677 nomen

100 727 187 796 tuum,
204 719 260 780 sed
273 720 350 779 inter
364 726 394 778 et
408 717 446 779 ab
459 719 512 793 iis,
529 720 579 791 qui
592 725 700 792 tecum,
725 725 838 778 creator
851 720 918 808 coeli
934 725 963 778 et
976 725 1076 794 terrae,
1100 719 1221 780 divisum
1235 737 1267 781 se

100 827 246 901 imperinm
260 824 369 885 babere
380 829 492 900 putant,
507 824 732 885 contaminantes
747 826 914 899 sanguinem
929 824 1095 884 crucifixiin
1109 843 1162 886 sua
1176 829 1266 899 stupi-

101 931 212 991 dissima
227 932 370 1006 sapientia
384 931 550 1005 gloriantes.
589 929 731 989 Converte
751 937 780 989 et
802 935 912 1006 everte,
932 931 1059 1007 domine,
1083 938 1165 1006 pater
1181 930 1266 991 coele·

101 1038 156 1112 stis,
179 1046 235 1111 per
249 1035 395 1096 Christum
410 1036 509 1095 Jesum
523 1036 668 1095 dominum
683 1042 821 1095 nostrum.
844 1036 946 1097 Amen.

172 1142 252 1201 'Hac
267 1141 314 1201 die
329 1141 438 1199 nullum
452 1157 488 1200 ex
502 1141 641 1200 Wrmaria
655 1141 789 1200 nuncium
802 1144 890 1202 venit.

184 1265 206 1306 x
221 1247 283 1306 Juli
302 1246 466 1307 volebamus
486 1247 603 1321 quidem
616 1247 884 1320 Blanckenburgum
904 1250 964 1322 ire,
988 1265 1088 1308 verum
1102 1250 1166 1308 aliis
1182 1264 1269 1321 nego·

102 1353 148 1411 ciis
162 1352 296 1427 impediti
310 1368 416 1410 sumus.
454 1354 625 1413 Volebamus
640 1353 708 1412 item
723 1354 753 1411 in
768 1354 875 1427 templo
890 1354 988 1426 oppidi
1003 1371 1039 1413 ex
1054 1355 1172 1413 vetustis
1187 1352 1268 1412 libris

101 1463 284 1516 monumenta
299 1457 430 1531 quadam
445 1459 600 1533 expiscari,
624 1474 723 1516 verum
738 1458 839 1530 quiaa
858 1459 1018 1518 senioribus
1039 1460 1156 1519 seclusae
1176 1465 1268 1531 erant,

102 1563 329 1636 ludimagistrum
342 1564 520 1638 rogavimus,
541 1570 574 1622 ut
591 1565 640 1623 ille
661 1565 756 1638 petitis
772 1561 898 1621 clavibus
912 1561 1051 1621 librorum
1066 1565 1173 1636 primas
1187 1564 1268 1637 pagi·

103 1685 151 1728 nas
165 1669 324 1743 inspiceret
338 1684 372 1728 ac
386 1668 477 1742 nobis,
493 1669 519 1727 si
534 1668 603 1743 quid
618 1671 759 1730 inveniret
774 1667 923 1743 eiusmodi,
939 1668 1089 1727 indicaret.

186 1774 319 1833 Vidimus
338 1775 369 1832 in
393 1772 498 1847 oppido
518 1773 595 1833 aedes
611 1776 656 1852 (nt
671 1771 786 1848 vocant)
801 1773 996 1848 parrochiales
1011 1773 1149 1832 habentes
1172 1772 1268 1831 biber·

106 1880 203 1938 nacula
218 1879 376 1952 duodecim,
384 1877 503 1937 cellaria
517 1884 716 1939 concamerata
730 1880 795 1953 plus
809 1879 901 1937 minus
916 1895 967 1937 ses
981 1880 1027 1938 vel
1041 1885 1159 1951 septem,
1175 1878 1270 1936 aulam

107 1989 133 2043 ιι
145 1985 263 2058 culinas,
281 1999 345 2056 qua
359 1984 406 2043 vel
419 1982 542 2058 principi
557 1982 731 2057 sufficerent,
752 1990 839 2056 atque
854 1984 917 2043 haec
930 1990 998 2044 ante
1014 1990 1180 2044 renovatam
1194 1998 1269 2056 prae·

108 2089 275 2150 dicationem
294 2089 435 2163 evangelii
457 2088 539 2148 sedes
559 2087 613 2148 iuit
632 2090 890 2164 archipresbyteri,
912 2107 976 2163 quae
991 2091 1116 2164 dignitas
1130 2093 1196 2163 post
1211 2087 1269 2148 sut-

108 2191 271 2268 fraganenm
287 2199 316 2253 et
331 2192 482 2255 officialem
496 2193 721 2253 Erffurdiensem
736 2196 766 2253 in
781 2200 875 2253 tractu
891 2194 1112 2255 Orlamundensi
1131 2197 1207 2256 inter
1221 2212 1271 2268 pa.

109 2300 220 2371 pisticos
242 2301 335 2372 prima
355 2298 424 2374 fult,
453 2307 482 2359 et
504 2300 541 2360 ad
563 2301 638 2359 bunc
657 2300 830 2374 parrochum
844 2302 937 2375 primo
959 2300 1162 2361 deferebantur
1177 2317 1270 2361 causae

109 2405 260 2466 danorum
275 2405 456 2466 sacerdotum
471 2413 524 2465 etc.

190 2511 219 2569 A
232 2510 354 2585 prandio
374 2511 404 2569 in
424 2510 587 2570 nemoribus
608 2517 691 2570 mans
711 2511 902 2570 Schwartzam
920 2528 1033 2571 amnem
1055 2511 1169 2569 venatio
1192 2509 1272 2568 insti·

108 2619 166 2675 tuta
180 2623 252 2676 erat.
292 2617 366 2689 Quia
387 2632 455 2676 vero
474 2619 565 2690 major
580 2633 648 2691 pars
663 2614 793 2674 meridiei
814 2616 995 2688 praeterierat
1014 2621 1044 2673 et
1057 2615 1132 2674 retia
1147 2613 1272 2673 nondum

108 2725 186 2782 tensa
200 2729 285 2782 erant
300 2728 329 2783 et
343 2721 525 2782 metuebatur
539 2724 720 2780 venationem
735 2722 766 2779 in
780 2721 898 2779 multam
910 2726 1021 2779 noctem
1036 2725 1211 2794 protractam
1226 2719 1272 2792 iri,

109 2842 176 2887 uxor
191 2834 222 2888 et
235 2828 405 2901 Margareta
419 2826 456 2886 de
470 2825 640 2886 Wildeniels
660 2827 807 2886 nobiscum
828 2826 867 2885 ad
887 2825 1036 2886 visendum
1051 2826 1273 2898 Blanckenburg

110 2931 292 2993 diverterunt.
336 2932 391 2991 Est
417 2937 512 2990 autem
535 2931 742 3007 Blankenburg
768 2951 821 2992 arx
848 2940 960 2993 vetusta
988 2933 1071 2993 sedes
1099 2934 1232 2992 comitum
1256 2946 1274 2989 a

110 3038 337 3113 Schwantzburg,
363 3041 419 3097 sita
433 3039 463 3096 in
478 3040 586 3097 vortice
600 3039 740 3097 altissima
758 3039 875 3112 montis,
900 3012 937 3097 ad
951 3039 1100 3112 utriusque
1115 3038 1218 3096 montis
1233 3037 1274 3095 la·

109 3148 150 3202 tus
172 3146 277 3205 vinetis
300 3143 437 3219 superba,
463 3149 645 3218 conspectum
672 3142 780 3202 habens
809 3143 1040 3202 amoenissimum.
1087 3141 1135 3201 Ad
1163 3139 1274 3200 radices

110 3253 209 3311 montis
224 3250 325 3335 civitas
340 3254 384 3308 est
398 3248 524 3322 ejusdem
539 3263 601 3306 cum
615 3263 682 3306 arce
697 3249 827 3307 nominis.
850 3249 921 3306 Haec
935 3250 1044 3307 recenti
1057 3248 1202 3306 bominum
1217 3261 1275 3304 me·

109 3357 196 3415 moria
210 3363 256 3415 ter
271 3341 496 3428 conflagratione
511 3369 585 3427 pene
599 3354 695 3427 periit,
709 3357 737 3410 ιι
752 3368 816 3410 cum
831 3353 957 3412 secundo
971 3352 1033 3412 iere
1047 3369 1083 3412 ex
1098 3355 1211 3426 integro
1227 3367 1273 3410 re·

110 3457 248 3519 edificata
272 3465 360 3533 esset,
386 3457 537 3518 subitanea
557 3455 780 3531 conflagratione
799 3459 903 3516 iterum
922 3460 1069 3519 combusta
1084 3466 1135 3519 est.
1175 3459 1275 3518 Tertio

110 3581 174 3626 vero
189 3566 267 3626 idem
281 3581 420 3639 perpessa
440 3564 590 3623 clementia
609 3564 701 3624 soceri
721 3563 812 3621 nostri
832 3564 942 3622 comitis
964 3562 1217 3635 aScbwartzbnrg
1232 3565 1276 3621 in·

110 3671 189 3745 colis,
207 3687 264 3744 quo
277 3671 368 3729 levius
384 3667 553 3728 reedificari
568 3669 636 3728 urbs
651 3673 757 3743 posset,
782 3685 880 3728 omnes
894 3667 1037 3742 redditus,
1069 3667 1167 3727 debita
1182 3670 1212 3723 et
1225 3666 1277 3722 tri·

111 3772 177 3835 buta
191 3778 222 3834 in
237 3777 418 3850 septennium
433 3776 553 3834 remissa
568 3781 643 3848 sunt,
665 3792 721 3847 qna
737 3773 773 3832 de
789 3790 875 3833 cansa
890 3772 1039 3832 etinctum
1054 3776 1107 3843 est,
1123 3775 1156 3827 ut
1168 3768 1277 3828 Rudel·

111 3881 185 3941 stadt
205 3882 328 3941 dominae
349 3880 511 3940 catharmae
537 3880 611 3938 hano
635 3879 671 3938 ob
695 3895 756 3937 rem
778 3883 808 3936 et
831 3877 909 3950 qnod
935 3874 1053 3933 masculi
1076 3872 1198 3931 heredes
1221 3887 1279 3930 non

112 3984 293 4061 superessent
308 3986 347 4046 ad
360 3987 448 4045 vitam
463 3984 552 4057 ipsius
566 3982 769 4057 possidendum
793 3998 855 4039 cum
870 3981 1000 4040 omnibus
1015 3977 1200 4053 proventibus
1216 3977 1278 4050 ejus

113 4088 208 4150 datum
223 4093 270 4150 sit.
294 4092 402 4150 Tenuit
415 4105 511 4148 arcem
518 4088 740 4160 Blanclrenburg
755 4086 900 4160 quondam
916 4099 1009 4144 comes
1025 4080 1277 4155 aScbwartzbnrg,

114 4197 156 4255 mi
169 4211 327 4270 cognomen
342 4193 398 4254 fuit
413 4193 464 4254 der
481 4192 691 4268 Straszburger.
715 4189 814 4254 Habet
826 4188 890 4250 hacc
904 4204 960 4251 ara
971 4188 1153 4267 pomoerium
1165 4192 1198 4249 et
1209 4192 1295 4249 ante

1007 4295 1086 4363 ab*
