2678 4546
608 120 670 187 141

86 302 359 363 ndetrecmremus.
382 299 465 361 Dixit
479 317 602 377 quoque,
618 303 691 361 sicut
705 309 735 361 et
747 303 820 361 alios
834 301 939 376 docuit,
955 303 1029 362 hauc
1043 305 1221 375 charitatem,

86 406 201 467 aDens
214 422 270 466 nos
285 406 388 481 diligat
401 408 433 465 in
446 406 566 478 dilecto,
588 412 617 466 et
637 424 695 479 qna
710 405 840 467 Christus
855 423 906 467 nos
922 407 1022 467 dilexit
1040 425 1075 468 ac
1096 426 1163 469 suos
1178 410 1221 467 iu·

86 526 138 571 tem
151 528 186 571 se
202 512 328 585 diligere
339 512 472 586 jnsscrit‚
488 528 551 573 esse
565 517 625 572 tam
640 514 813 587 immensam,
836 519 896 572 tam
911 511 1081 573 ineffabilem
1096 529 1129 571 ac
1145 514 1223 571 nulla

86 634 106 675 ιι
117 617 210 676 animi
224 616 417 677 admiratione
432 616 562 691 dignum,
583 623 617 675 ut
630 634 648 676 a
662 618 741 677 nulla
756 625 890 677 creatura
905 616 986 677 effari
1001 626 1108 693 posset.
1148 619 1221 677 Esse

86 736 143 779 nen
155 720 259 795 aliqua
272 721 304 781 in
317 722 373 781 bac
386 722 539 797 charitate,
571 738 635 795 quse
655 728 800 796 nmunque
816 741 834 782 a
849 725 931 783 uobis
945 724 1137 783 circumscribi
1152 740 1220 798 pos·

86 830 114 899 o,
137 824 304 900 cujusmodi
324 832 435 900 ment,
456 843 521 899 qua
536 828 669 903 superins
684 828 761 888 dicta
775 835 851 887 sunt.
890 829 929 887 111
943 836 1009 903 post
1022 830 1113 888 multa
1126 827 1221 887 Deum

86 929 219 990 dentibus
232 932 310 991 rotis
325 947 410 991 oraro
420 933 515 1006 jussit,
531 947 588 1005 quo
603 931 685 992 nobis
704 933 779 991 hanc
799 933 980 997 dilechonem
996 934 1132 1008 consequi
1148 935 1222 991 etin

97 1048 270 1107 parmanere
284 1036 441 1110 contmpst.
469 1035 553 1109 Quod
567 1036 649 1096 nobis
663 1036 751 1096 donet
765 1037 855 1097 dulcis
869 1039 963 1097 Jesns.
988 1040 1088 1097 Amen.

134 1138 475 1201 ammorrhaeum
494 1148 641 1216 assumpto
666 1141 754 1201 Floro
780 1144 910 1202 comitem
932 1143 1114 1203 wilhelmum
1140 1142 1221 1216 adiit,

86 1258 111 1301 n
134 1258 195 1315 quo
217 1248 249 1302 et
268 1245 446 1329 jentaculum
466 1263 523 1307 una
542 1261 606 1304 cum
625 1245 731 1306 Ottone
751 1253 782 1307 et
795 1248 920 1307 Ernesto
943 1248 978 1307 dc
1000 1248 1174 1321 Schomberg
1193 1254 1223 1306 et

86 1348 110 1405 is
124 1353 283 1423 sumptum.
306 1349 418 1409 Deinde
433 1351 544 1410 comitis
558 1350 703 1410 Wilhehni
718 1352 867 1411 consilium
882 1354 911 1410 in
927 1354 1043 1427 negotio
1059 1360 1157 1412 nostro
1173 1370 1222 1427 pe·

86 1468 158 1526 mus,
183 1453 249 1529 qui,
264 1458 298 1514 nt
311 1455 404 1513 virum
422 1454 594 1529 prudentem
614 1459 643 1513 et
667 1456 788 1531 probum
808 1455 903 1530 decet,
930 1475 965 1517 cx
985 1458 1080 1517 onlmo
1104 1457 1177 1517 dixit
1191 1457 1222 1517 id

86 1556 124 1616 od
137 1574 189 1617 res
204 1564 277 1619 erat.
315 1560 416 1618 Visum
438 1564 534 1619 tamen
558 1565 602 1618 est
623 1559 679 1630 illi,
703 1577 760 1620 non
775 1561 986 1622 incommodare
1001 1579 1098 1637 posse,
1122 1568 1154 1621 ut
1169 1579 1222 1621 nos

86 1679 147 1723 rsus
161 1662 366 1723 Atrebatemis
380 1665 543 1738 conspectui
559 1663 765 1724 exhiberemus.
798 1666 873 1725 Dum
889 1673 984 1727 summ
998 1668 1028 1725 in
1044 1667 1123 1725 curis
1138 1667 1222 1724 Atre·

86 1769 261 1829 spurcum
281 1769 370 1853 Floro
389 1768 591 1844 colloquimur,
616 1770 721 1843 praesul
740 1778 931 1846 properanter
952 1771 990 1830 od
1012 1771 1221 1830 Grandeuelum

86 1878 160 1934 irem
174 1874 291 1933 transit
329 1875 479 1935 Subsecuti
499 1875 588 1950 igitur
609 1891 673 1933 eum
694 1876 839 1947 usquead
858 1877 963 1935 atrium
978 1880 1046 1934 ante
1061 1874 1220 1934 cubiculum

86 1980 147 2053 tris,
164 1978 218 2038 nbi
231 1979 478 2054 prsstohbumur.
501 1979 605 2039 Edocti
621 1983 717 2039 autem
731 1996 749 2037 a
765 1996 848 2040 servo
863 1981 1015 2053 praesulem
1029 1981 1060 2039 in
1075 1981 1155 2038 curia
1170 1995 1222 2039 sua

88 2084 185 2144 hortis
199 2100 381 2159 pransurum,
398 2085 505 2144 abitum
521 2085 583 2157 ejm
598 2090 791 2159 expectantes,
809 2087 936 2158 quicum
950 2083 1079 2160 prodiret
1094 2083 1172 2143 foras
1187 2100 1221 2143 ac

86 2194 127 2251 tta
139 2206 189 2248 me
204 2194 327 2264 peteret,
343 2188 457 2249 dicens:
473 2187 605 2262 Domine,
622 2190 691 2262 qnid
705 2188 800 2262 petis?
813 2192 950 2266 respondi
965 2194 993 2252 d.
1010 2210 1036 2251 v.
1054 2189 1136 2250 facile
1151 2189 1221 2249 divi-

86 2311 130 2371 re,
153 2296 228 2369 qnid
241 2296 340 2369 velim,
365 2300 473 2368 potest,
496 2310 560 2353 cnm
582 2296 674 2354 omnis
693 2310 757 2354 mea
780 2312 847 2371 spes
867 2298 961 2356 adhuc
982 2297 1017 2356 de
1039 2299 1134 2372 gratia
1149 2296 1177 2355 d.
1192 2312 1219 2354 v.

86 2394 183 2461 odeat
222 2398 270 2459 Ad
282 2398 346 2459 haec
358 2399 418 2458 ille:
442 2397 591 2472 Profecto,
614 2400 653 2457 mi
669 2397 783 2459 domino
805 2417 913 2475 comes,
935 2419 989 2477 ego
1010 2402 1081 2460 nihil
1101 2402 1221 2460 ulterius

86 2520 166 2567 uum
180 2502 287 2564 facere
325 2504 401 2563 Nam
415 2506 505 2565 multo
520 2506 619 2565 labore
635 2522 669 2564 eo
684 2521 745 2563 rem
760 2506 890 2580 perduxi,
907 2512 940 2564 ut
954 2507 990 2565 de
1006 2506 1221 2578 quatuordecim

86 2610 161 2671 libus
176 2607 217 2669 ad
235 2615 301 2669 octo
315 2609 405 2669 millia
420 2608 588 2669 descensum
603 2610 713 2669 sith
705 2609 848 2669 'thebeus
863 2612 932 2668 mihi
947 2609 1050 2683 fidem,
1066 2626 1125 2669 non
1140 2625 1220 2667 men·

86 2732 110 2793 r,
127 2730 186 2788 ego
202 2715 288 2772 ate
276 2730 339 2788 Jam
351 2718 470 2787 rogatus
485 2714 577 2773 altera
591 2715 653 2774 vice
668 2714 870 2788 imperatorem
886 2714 954 2789 adii,
977 2720 1107 2785 conatus,
1123 2713 1148 2770 si
1163 2728 1222 2785 qna

86 2832 164 2881 mem
178 2819 308 2878 animum
323 2834 382 2903 suae
395 2818 554 2892 an‘estatis
570 2834 639 2892 erga
654 2826 683 2878 te
698 2820 834 2879 emollire.
859 2821 966 2879 Verum
981 2820 1138 2893 imperator
1151 2816 1221 2875 mihi

86 2926 127 2989 lsi
142 2922 293 2985 subiratus
307 2922 472 2996 respondit:
496 2922 578 2997 Quid,
601 2941 669 2982 num
684 2925 753 2983 satis
768 2925 926 2983 clementiae
942 2941 987 2983 mc
1002 2924 1044 2982 1111
1059 2923 1221 2983 exhibuisse

86 3026 150 3091 ht?
181 3028 342 3100 quodcum
362 3027 577 3108 quatuordecim
598 3029 688 3087 millia
703 3030 846 3102 exegerim
861 3030 900 3088 ad
915 3035 979 3088 octo
995 3031 1084 3090 millia
1099 3027 1220 3088 floreno·

86 3130 223 3207 [redigi
236 3148 339 3205 passus
353 3132 436 3191 snm?
459 3132 555 3192 Dicito
570 3133 621 3206 illi,
642 3150 687 3191 me
703 3135 790 3192 semel
804 3151 849 3194 me
868 3135 961 3207 ipsum
975 3136 1126 3193 resolvisse
1142 3134 1219 3209 (nes-

86 3238 189 3317 ¹;enim
212 3253 271 3311 quo
292 3240 478 3312 grammatico
499 3242 645 3311 repertum
668 3239 717 3312 sit,
747 3239 891 3298 resolvere
915 3241 945 3297 iu
968 3240 1034 3298 aula
1055 3252 1220 3296 caesareana

86 3328 179 3419 Epori
202 3359 259 3417 pro
275 3358 326 3416 eo,
350 3342 429 3415 quod
442 3342 518 3402 docti
532 3343 641 3414 meunt,
664 3341 719 3399 hoc
733 3359 842 3401 mecum
858 3343 987 3417 decreti,
1009 3345 1054 3401 vol
1069 3344 1110 3400 sic
1124 3343 1220 3400 animo
1258 3361 1260 3364 ·

86 3448 130 3555 lui
144 3454 218 3521 ete,
235 3451 268 3505 nt
282 3461 372 3506 novos
386 3446 514 3506 homines
530 3447 658 3506 exoticus
673 3462 765 3505 sermo
782 3446 932 3522 sequitur),
955 3465 989 3507 ac
1004 3449 1044 3506 sic
1059 3447 1221 3507 conclusum

86 3560 127 3639 ’μ
142 3568 193 3611 me
209 3566 284 3609 esse.
324 3550 355 3608 Si
369 3549 447 3611 volet
467 3550 591 3611 oblatam
606 3553 729 3624 gratiam
750 3558 916 3629 acceptare,
943 3554 1075 3614 benet
1032 3560 1089 3629 est,
1113 3556 1138 3613 si
1153 3570 1220 3628 non,

86 3640 138 3739 h,
155 3670 247 3730 qnam
261 3654 305 3712 illi
320 3654 444 3729 proponi
459 3652 530 3729 ieci,
553 3654 628 3714 viam
643 3672 730 3730 accep
730 3661 781 3716 t.et
820 3657 882 3717 Neo
903 3662 978 3719 enim
993 3668 1100 3734 praeter
1112 3660 1161 3732 Jus
1177 3674 1221 3716 me

86 3759 224 3853 nuum
214 3776 247 3817 ιιι
262 3774 327 3817 eum
343 3758 524 3817 decreturum
544 3766 624 3818 corto
639 3769 835 3834 comperturus
850 3771 902 3824 est.
943 3764 1013 3824 Cum
1029 3772 1123 3823 autem
1139 3761 1219 3820 Wol-

107 3944 111 3951 ,
142 3866 257 3926 iterum
271 3868 361 3937 atque
374 3863 479 3921 iterum
493 3864 571 3937 apud
585 3866 739 3938 praesulem
753 3867 884 3943 instaret,
901 3886 957 3942 quo
971 3870 1016 3928 vcl
1026 3862 1118 3928 adhu'c
1134 3864 1221 3923 semel

102 4041 109 4055 ,
219 3965 318 4028 lacere
333 3967 510 4041 dignaretur,
526 3968 551 4026 si
566 3985 623 4040 qna
638 3968 715 4041 apud
728 3986 881 4031 caesaream
896 3973 1075 4045 maiestatem
1090 3969 1221 4028 obtinere

163 4089 311 4135 summum
325 4071 493 4145 praedictam
508 4073 605 4146 minui,
622 4075 784 4146 respondit:
811 4076 905 4150 Certe,
927 4076 1049 4147 domiue,
1066 4072 1137 4130 nihil
1152 4087 1218 4143 pro-

86 4180 127 4295 β
142 4178 199 4241 ⁸⁰⁶
214 4176 311 4252 mm
324 4175 452 4237 imm
467 4191 621 4238 mariam
636 4181 824 4255 maJ'estatem,
846 4185 919 4240 otte
934 4182 1027 4255 ipsum
1040 4181 1126 4253 longe
1141 4181 1220 4252 post-
