2678 4546
674 42 715 111 dl

102 248 179 295 cere.
218 229 279 293 Sed
299 230 415 291 inimico
437 245 473 289 cx
495 228 589 288 unium
611 229 649 288 ob
672 226 815 289 Christum
837 229 995 305 ignovisse,
1018 230 1167 306 hocopus
1188 236 1283 293 estet

102 354 173 401 vere
187 338 295 399 bonum
311 343 343 397 et
356 336 420 396 Deo
435 350 549 410 quoque
565 340 722 409 acceptum.
754 335 820 395 Non
842 341 887 395 est
906 336 982 396 enim
1001 335 1095 397 cultus
1116 337 1171 397 Dei
1189 336 1282 398 solum

103 445 134 504 in
148 444 258 520 templo
273 458 347 517 esse,
370 441 476 502 ibidem
491 456 576 501 orare
591 456 626 499 ac
646 456 712 499 mox
727 457 745 500 a
760 442 859 516 sacris,
882 442 1018 515 quicquid
1036 443 1066 501 in
1087 449 1212 503 mentem
1231 458 1280 504 re·

104 552 191 625 uerit,
214 554 397 625 perpetrare,
420 547 574 622 quasijam
588 561 679 619 penso
694 546 851 621 persoluto,
875 563 1053 623 quaecunque
1068 549 1165 624 libeat,
1185 547 1282 609 lacero

104 658 203 730 liceat,
229 656 304 715 sicut
317 653 415 713 Judaei
429 652 601 711 clamabant:
626 652 776 725 Templum
791 650 906 726 domini,
927 654 1065 728 templum
1080 654 1195 725 domini,
1210 661 1281 715 tem·

103 763 183 837 plum
205 760 323 835 dcudui,
345 776 410 819 cum
423 757 503 817 Deus
523 758 579 816 ista
594 773 652 816 non
667 758 805 832 exigeret,
828 758 961 817 minitans
981 765 1011 818 et
1025 766 1138 819 terrens
1153 760 1281 835 exemplo

104 866 208 927 dhutoe
224 864 318 925 Siloes
333 869 387 924 etc.
424 863 554 923 Adduxit
573 878 686 936 quoque
709 862 736 920 d.
758 862 860 922 Jacobi
881 866 1005 938 apostoli
1024 866 1118 924 locum
1135 865 1238 926 Jacobi
1253 866 1280 925 1:

105 970 219 1046 Religio
238 986 314 1045 pura
333 975 363 1029 et
383 969 565 1029 mussulam
587 966 665 1044 apud
687 965 780 1026 Deum
802 974 832 1027 et
853 974 966 1042 patrem
987 970 1048 1029 haec
1070 976 1127 1045 est,
1158 973 1282 1032 invisere

108 1076 251 1153 orphanos
265 1080 296 1135 et
310 1075 412 1135 viduas
426 1076 457 1134 in
471 1070 626 1134 afflictione
641 1090 702 1147 sua,
725 1074 937 1133 immaculatum
956 1092 987 1135 se
1007 1077 1101 1151 ipsum
1115 1093 1231 1137 servare
1245 1076 1282 1140 dc

110 1183 220 1244 mundo.
260 1181 329 1241 Nou
351 1183 390 1256 is,
414 1181 470 1255 ait,
494 1180 588 1239 cultus
610 1179 674 1239 Deo
695 1179 812 1253 placens
833 1184 891 1254 est,
916 1181 1042 1253 quotidie
1063 1182 1144 1241 adire
1162 1183 1280 1259 templu,

112 1289 236 1364 quotidie
251 1303 342 1349 sacrm
362 1287 491 1347 concioni
511 1287 666 1360 interesse,
691 1291 720 1344 ct
739 1300 806 1344 mox
826 1284 908 1345 irrita
930 1288 1068 1347 concione
1088 1288 1181 1348 auditi
1201 1288 1282 1349 verbi

114 1410 160 1455 uec
171 1393 309 1454 habuisse
322 1393 474 1467 rationem,
490 1409 544 1453 nec
557 1393 727 1451 meminisse.
761 1389 819 1451 Sed
834 1407 904 1450 vera
918 1392 1021 1466 religio
1036 1393 1066 1451 in
1080 1392 1137 1452 fide
1152 1394 1183 1452 in
1199 1392 1280 1455 Chri·

115 1506 191 1575 stum,
206 1501 238 1558 in
254 1497 419 1559 innocentia
433 1499 500 1556 vitre
516 1503 545 1557 et
561 1498 682 1558 caritate
698 1499 726 1555 iu
741 1498 901 1572 proximum
916 1499 1054 1557 consistit.
1078 1497 1161 1560 Dixit
1174 1506 1280 1575 autem

116 1604 229 1665 Paulum
248 1605 414 1665 nouaclum
428 1603 535 1663 dixisse
553 1602 767 1677 benedicite«,
797 1602 849 1662 sed
863 1602 982 1678 insuper
997 1603 1178 1678 prohibuisse
1193 1606 1280 1666 male-

117 1710 211 1773 dicere.
249 1710 463 1784 emundare
482 1714 582 1770 nostro
601 1709 690 1769 moris
705 1709 756 1781 sit,
780 1724 840 1768 rem
860 1710 951 1782 ipsam
969 1710 1081 1769 testari.
1112 1710 1188 1770 Nam
1202 1713 1282 1773 ocius

117 1816 232 1877 innobis
244 1816 433 1877 rebellantem
447 1817 644 1877 execrationes
663 1820 693 1875 et
712 1813 926 1874 maledictiones
945 1830 998 1874 nos
1016 1818 1156 1891 torqueri,
1180 1818 1281 1893 inquit

120 1923 211 1983 diullo
224 1928 356 1997 tempore
370 1922 433 1982 hoec
447 1920 544 1981 Christ
565 1921 696 1982 doctrina
713 1921 808 1981 locum
827 1919 937 1995 habuit,
960 1938 1036 1981 nunc
1055 1939 1141 1996 quam
1159 1926 1282 1986 maximo

120 2030 187 2105 tpud
200 2045 252 2090 nos
266 2028 362 2091 locum
375 2027 592 2087 intendebat.
622 2027 698 2085 Nam
717 2042 781 2084 cum
800 2040 853 2083 nos
872 2025 903 2083 in
923 2026 985 2086 haec
998 2028 1132 2089 incidisse
1151 2036 1282 2108 tempora

121 2135 371 2211 animadvertimus,
394 2135 550 2209 cogitemus
564 2132 657 2192 Deum
673 2131 757 2191 nobis
777 2131 839 2190 haec
857 2132 1020 2206 immisisse,
1044 2139 1077 2192 ut
1097 2151 1149 2194 nos
1168 2136 1281 2211 probet,

122 2240 185 2301 deut
196 2245 349 2317 argeutum
362 2240 430 2314 igue
444 2239 592 2313 probatur.
622 2238 699 2311 dam,
722 2235 794 2313 infit,
817 2239 904 2312 longo
923 2244 1053 2313 ternpore
1073 2241 1191 2301 uerbum
1211 2241 1283 2303 divi·

122 2361 179 2405 unm
191 2346 351 2407 audivimus
365 2348 396 2404 et
410 2344 457 2422 (ut
474 2346 517 2405 its
536 2340 651 2419 loquar)
673 2345 704 2401 in
726 2343 830 2403 scholis
849 2343 962 2404 litteras
984 2345 1182 2420 addidicimus,
1207 2363 1283 2408 nunc

123 2451 282 2527 preceptori
295 2448 446 2510 reddendo
460 2451 517 2511 crit
536 2451 635 2525 lectio,
659 2455 692 2509 ut
710 2450 805 2524 palam
824 2447 889 2523 liat,
913 2449 982 2522 quid
1001 2452 1146 2511 memoria
1166 2451 1282 2512 haeserit

124 2560 166 2617 etc.
194 2556 280 2618 Certe
294 2573 331 2617 ox
345 2560 449 2617 natura
463 2562 564 2617 nostra
582 2556 654 2616 nihil
672 2571 832 2631 possumus,
856 2570 909 2613 nec
927 2560 1040 2627 egomet
1053 2555 1116 2629 ipse
1131 2556 1282 2629 quicquam

124 2662 200 2725 meo.
229 2662 288 2725 Sed
305 2662 374 2723 licet
393 2662 532 2723 hactenus
551 2663 623 2721 nihil
641 2660 807 2735 fecerimus,
831 2659 1013 2719 emendemus
1035 2660 1120 2719 modo
1141 2660 1230 2719 vitam
1252 2666 1283 2723 et

92 2806 94 2817 ·
124 2764 196 2829 lodie
212 2774 326 2831 mature
344 2769 440 2829 adhuc
458 2769 528 2828 satis
547 2774 592 2828 est
612 2775 665 2827 ete.
702 2766 824 2826 Orontes
844 2765 1003 2840 dominum,
1027 2770 1059 2824 ut
1077 2765 1160 2826 nobis
1180 2766 1282 2842 largiri

92 2896 96 2903 ·
125 2872 254 2951 dignetur,
277 2891 336 2949 quc
353 2874 496 2935 discam
515 2873 686 2936 benedicere
704 2871 938 2932 maledicentibus
958 2871 1040 2930 nobis
1061 2878 1091 2933 et
1111 2871 1282 2933 benefacere

108 2980 347 3055 -pusequentibus
361 2996 428 3056 nos,
451 2981 540 3055 idque
553 2981 591 3039 ob
606 2977 760 3039 Christum.
791 2978 893 3037 Amen.

116 3102 120 3107 ·
196 3084 225 3146 t
243 3087 383 3147 concione
402 3102 455 3145 nos
472 3086 660 3147 Atrebatensi
678 3084 864 3144 exhibuimus.
902 3081 957 3154 Qui
976 3097 1040 3141 cum
1061 3082 1191 3142 cubiculo
1214 3096 1281 3159 pro·

126 3186 193 3266 diret,
202 3195 356 3267 compecto
364 3190 479 3251 Eubulo
493 3193 545 3250 ait:
565 3190 663 3250 «Nihil
673 3192 765 3249 adhuc
773 3191 926 3263 allegatum
936 3192 1010 3247 est«
1035 3188 1099 3246 Hac
1113 3187 1207 3247 aulica
1222 3186 1280 3249 otia

126 3308 167 3355 ros
183 3302 297 3359 saturos
317 3297 399 3357 abire
419 3297 556 3372 oportuit.
595 3296 708 3355 Deinde
729 3296 915 3354 salutavimus
935 3295 1065 3352 comitem
1088 3293 1280 3369 wilhelmum,

125 3412 229 3477 nmque
243 3402 463 3477 etieutaculum
478 3403 657 3478 sumpsimus.
688 3403 717 3460 Is
737 3402 790 3458 ait:
814 3400 1004 3459 Cunctatione
1022 3399 1076 3459 hac
1097 3414 1168 3473 opus
1188 3404 1234 3459 est
1252 3407 1282 3462 et

115 3510 237 3585 -mnplo
252 3506 348 3568 ridnoe
362 3508 438 3567 illius
453 3508 625 3582 evangelicae
640 3506 800 3583 improbum
815 3506 942 3580 judicem
960 3506 1178 3580 importunitate
1198 3505 1282 3567 obrui

124 3619 241 3689 oportet·
263 3612 398 3689 Cepimus
413 3611 530 3687 quidem
548 3613 697 3672 consilium
713 3612 748 3671 de
769 3612 985 3687 supplicatione,
1010 3609 1061 3669 sed
1080 3627 1127 3669 res
1148 3616 1281 3671 eventum

122 3719 212 3780 urtica
225 3735 285 3781 non
299 3723 360 3793 est,
382 3719 450 3779 licet
464 3718 598 3778 Liborius
614 3719 760 3794 quippiam
774 3718 985 3791 conscripserit.

197 3826 319 3887 Interim
331 3824 403 3885 illud
417 3840 469 3899 per
483 3824 665 3884 veredarium
679 3826 799 3885 Romam
818 3823 976 3882 cursitavit.
1000 3821 1080 3880 Duas
1096 3820 1236 3879 sessiones
1251 3820 1282 3880 in

102 3931 278 3993 -rrmirrorio
292 3930 405 3991 habuit.
434 3930 549 3990 Interea
564 3932 701 4006 temporis
717 3931 798 3991 nobis
814 3930 890 3989 adsit
904 3928 1044 3988 dominus.

110 4024 137 4091 .'
197 4036 307 4098 Eadem
323 4034 421 4097 Gaesar
436 4040 466 4095 et
484 4036 687 4096 Ferdinandus
707 4036 859 4096 animulam
880 4032 992 4107 cognati
1011 4029 1089 4104 regis
1108 4044 1160 4104 per
1179 4030 1280 4090 misse·

96 4130 183 4223 ,ξω
195 4140 374 4205 sacrificulos
393 4142 592 4218 epurgatorio
612 4140 651 4201 ad
672 4141 776 4215 elysios
797 4154 909 4215 campos
931 4134 1119 4196 transfretare
1140 4132 1281 4197 fecerunt.
