2678 4546
68 232 115 292 per
128 231 230 277 omues
244 214 344 277 modos
357 216 389 275 ln
402 213 516 276 Christo
530 215 569 275 ad
584 215 704 275 salutem
719 221 813 290 vocat,
835 216 888 276 sed
907 214 1118 291 inomuentiae,
1138 219 1230 277 incre·

10 346 14 389 t
68 322 178 381 dulitati
197 327 230 380 et
246 321 447 395 ingratitudini
466 327 572 382 nostrae
593 322 647 380 hoc
667 326 814 395 occeptum
834 320 974 394 ieramus,
1003 327 1033 382 et
1053 338 1232 399 summepere

67 443 223 500 aveamus,
244 442 281 485 ne
300 427 325 484 si
344 424 419 485 forte
437 425 568 487 dominus
589 443 641 501 per
660 428 870 500 suggestionem
892 428 1010 501 spiritus
1029 430 1120 487 sancti
1134 445 1232 489 aurem

69 533 144 593 uobis
159 531 284 604 vellicet,
299 547 336 591 ne
349 533 405 592 hec
419 537 470 593 aut
483 532 555 592 illud
569 532 713 607 piaculum
728 534 975 605 committeremus,
995 533 1036 591 illi
1051 539 1152 593 contre
1167 552 1232 593 con·

68 638 212 697 scientiam
226 642 355 697 uestram
369 637 545 697 resistamus.
576 637 621 696 De
636 638 746 710 spirim,
768 639 908 711 inquiens,
931 638 1006 698 hono
1021 638 1133 712 loquor,
1149 656 1231 713 quem

10 770 22 807 r
68 741 192 801 dominus
214 757 247 800 se
269 740 350 800 euisd
370 747 485 801 aturum
504 743 650 817 promisit,
675 760 732 801 non
756 742 792 801 de
815 749 981 816 suggestore
1001 744 1050 803 illo
1070 745 1161 817 malo,
1183 746 1232 818 qui

10 874 32 912 ·.-..
69 848 181 921 spiritus
199 846 341 907 mendacii
362 852 407 906 est
425 854 456 906 et
473 847 563 907 omnis
584 848 720 922 nequitioe
740 863 775 906 ao
795 848 993 921 perversitatis
1013 848 1126 908 author.
1161 850 1232 908 Item

10 928 35 1017 is¹
69 952 154 1011 Mum
169 968 238 1013 suos
258 950 402 1011 interdum
421 951 475 1011 suh
494 967 607 1011 crucem
627 953 750 1027 mittere,
774 952 829 1011 hoc
849 957 902 1026 est,
928 955 997 1026 ipsis
1010 955 1166 1027 tristitiam,
1190 953 1233 1013 al·

22 1084 34 1091 ·
70 1055 217 1132 dictiones,
240 1056 370 1132 morbos,
393 1061 592 1132 paupertatem
611 1062 642 1116 et
663 1057 693 1117 id
715 1074 804 1132 genus
826 1074 931 1131 rerum,
955 1075 992 1117 ne
1014 1075 1081 1118 caro
1103 1057 1233 1132 ferociat,

10 1187 40 1225 ef:
70 1162 115 1222 sed
127 1164 241 1236 virgam
254 1168 404 1237 paternam
423 1163 507 1223 homo
525 1168 672 1236 agnoscat.
711 1163 861 1224 Postremo
880 1163 973 1222 Deum
992 1163 1075 1222 nobis
1096 1164 1175 1223 verbi
1190 1167 1233 1223 sui

12 1291 42 1343 ej:
73 1281 216 1341 precones
238 1266 361 1341 dedisse,
384 1269 434 1340 qui
453 1268 559 1341 passim
580 1269 686 1342 populo
706 1269 904 1341 poeniteutiam
926 1275 954 1327 et
973 1270 1039 1328 vitoe
1058 1267 1232 1330 emendatio·

18 1384 45 1437 :-.'·
72 1388 128 1454 uem
146 1373 301 1446 inculoeut,
325 1388 397 1445 quos
417 1374 443 1430 si
463 1371 563 1431 audire
584 1375 777 1445 renuerimus,
801 1380 928 1433 nostram
949 1375 1152 1448 pervicaciam,
1176 1392 1233 1435 non

22 1504 44 1543 τ.-
73 1476 119 1537 Ilei
132 1478 342 1552 benignitatem
354 1491 435 1537 ream
448 1476 505 1535 dici
519 1476 634 1537 debere,
664 1478 771 1552 Aiebat
785 1484 815 1537 et
828 1478 883 1538 hoc
898 1484 997 1537 nostro
1013 1495 1075 1539 aevo
1089 1497 1146 1539 non
1162 1496 1232 1554 pau·

73 1583 107 1643 cis
118 1583 217 1644 studio
231 1598 296 1643 esse
308 1582 507 1656 largitionibus
522 1589 553 1642 et
570 1583 725 1642 mendaciis
745 1583 894 1643 ventatem
916 1583 1038 1644 obruere
1057 1591 1087 1643 et
1105 1600 1168 1643 eam
1183 1601 1233 1645 ex·

33 1714 44 1735 ·-
75 1689 171 1763 cidere,
195 1703 297 1748 verum
310 1685 488 1747 frustraneos
501 1688 533 1747 in
546 1689 601 1747 hoc
616 1703 679 1746 esse
697 1689 850 1762 impiorum
869 1694 997 1748 conatus.
1028 1690 1103 1747 Nam
1123 1691 1233 1762 scribe,

35 1820 40 1829 ·
75 1795 169 1869 iuquit,
192 1799 224 1855 et
237 1793 456 1853 pharisaicum
475 1794 534 1853 suis
549 1792 708 1852 senioribus
724 1794 786 1865 jam
806 1791 911 1851 dudum
932 1808 994 1851 oum
1016 1793 1187 1867 corporibus
1206 1800 1236 1853 et

75 1899 216 1959 animabus
229 1900 290 1959 suis
303 1900 335 1959 in
348 1898 516 1959 barathrum
529 1897 634 1957 interni
648 1898 776 1972 absorpti
791 1904 866 1956 sunt.
898 1898 1011 1958 Veritas
1031 1904 1126 1957 autem
1140 1898 1235 1958 adhuc

74 2008 170 2079 regnat
191 2009 223 2064 et
244 2003 374 2063 Ghrlatus
400 2019 465 2061 cum
492 2002 618 2077 gloriosa
645 2018 697 2061 sua
724 2005 934 2062 resurrectione
956 2003 1123 2077 triumphat
1161 2004 1235 2063 Huic

46 2148 49 2153 -
73 2106 188 2168 fidamus
206 2114 238 2167 et
256 2108 300 2169 illi
318 2109 350 2168 in
364 2107 494 2169 omnibus
509 2108 717 2181 adieramus,
741 2108 924 2180 impertiente
939 2109 992 2167 boc
1007 2109 1089 2167 nobis
1105 2109 1168 2168 Deo
1182 2127 1233 2184 pa·

73 2218 111 2273 he
129 2229 184 2288 per
202 2212 326 2273 eundem
339 2212 485 2275 dominum
499 2218 629 2290 nostrum
648 2213 749 2271 lesum
768 2210 912 2272 Christum
932 2220 961 2271 et
980 2214 1158 2271 illuminante
1176 2214 1234 2287 spi·

74 2318 125 2378 ritu
137 2335 192 2379 suo
206 2319 293 2379 bene.
322 2317 425 2377 Amen.

152 2423 267 2483 Eadem
286 2423 315 2482 d.
331 2423 463 2482 Musculo
477 2422 567 2482 libros
581 2422 685 2483 Buceri
705 2421 741 2481 de
760 2421 912 2495 disputatis
928 2413 958 2479 i'n
980 2422 1121 2494 colloquio
1137 2421 1234 2481 Ratis·

74 2529 189 2591 lonensi
202 2534 234 2589 et
252 2534 354 2589 eontra
371 2529 586 2590 vintoniensem
604 2544 658 2603 per
677 2525 812 2586 carolum
831 2526 952 2600 hospitis
971 2526 1063 2585 nostri
1081 2524 1170 2583 tilium
1189 2543 1234 2585 re·

73 2636 204 2695 misimus.

154 2740 250 2813 Note,
273 2736 411 2814 Augusta
431 2738 550 2812 siugulis
569 2736 670 2808 diebus
689 2736 744 2797 sub
764 2753 869 2798 nouam
890 2737 991 2796 horam
1012 2735 1236 2811 pomeridianam

74 2862 208 2921 mmpana
225 2845 339 2919 siguum
359 2843 454 2918 datur,
478 2845 556 2918 quod
575 2842 609 2903 tit
622 2843 660 2903 ad
675 2842 867 2903 refricandum
882 2848 995 2916 tempus
1009 2843 1153 2901 memorio
1168 2859 1234 2917 pro·

73 2949 186 3011 ditionis
200 2949 309 3010 Christi
326 2964 380 3023 per
398 2949 505 3009 ludam
523 2947 622 3023 lacte,
645 2949 725 3022 quod
744 2949 799 3008 hoc
818 2929 879 3007 fere
899 2947 951 3006 sub
972 2946 1001 3007 id
1023 2948 1236 3026 dieiutemperis

71 3056 214 3117 occiderit.

155 3162 237 3223 Note
251 3160 457 3235 deeplmmate
469 3161 637 3234 Bullingeri,
660 3162 721 3222 sive
735 3159 856 3220 historia
875 3161 1062 3234 expositionis
1082 3174 1179 3218 rerum
1199 3160 1236 3220 ab

71 3268 178 3343 origine
192 3266 292 3327 mundi
306 3282 398 3340 usque
417 3267 455 3329 ad
469 3267 647 3327 nativitatem
662 3264 777 3338 Christi,
800 3266 978 3338 potissimum
998 3281 1034 3324 ex
1054 3280 1129 3323 novo
1148 3270 1236 3325 testa·

73 3378 164 3433 uento
178 3376 236 3431 etc.
252 3387 291 3431 an
303 3372 334 3431 iu
348 3371 484 3432 umdinls
498 3369 753 3431 Franoofurdiunis
768 3372 928 3445 comparari
942 3376 1049 3444 posset.

154 3479 287 3538 ioannes
300 3481 331 3539 et
344 3476 495 3552 Philippus
509 3474 614 3536 fratres
630 3475 772 3535 dominum
788 3476 929 3549 Joarmem
947 3476 1102 3534 Hemicum
1120 3476 1151 3533 in
1165 3479 1236 3535 tem-

78 3586 112 3649 lo
132 3582 164 3645 d
178 3581 314 3643 Manum
331 3581 395 3641 baec
407 3582 497 3642 verba
510 3580 594 3641 Pauli
614 3580 652 3640 ad
666 3581 811 3642 Romanos
830 3585 878 3641 12.
900 3582 1100 3656 explanantem
1120 3582 1236 3640 audive-

80 3696 148 3751 unt:
173 3686 309 3749 Gaudete
329 3687 360 3745 in
381 3703 446 3761 spe,
470 3687 612 3760 patientes
634 3688 663 3745 in
686 3686 885 3762 tribulatione,
913 3689 1019 3747 instate
1039 3688 1160 3746 orationi
1183 3692 1236 3745 etc.

82 3795 249 3855 latraverit
263 3791 319 3865 hic,
343 3807 415 3865 quos
430 3791 607 3866 potissimum
622 3791 720 3850 hostes
739 3794 769 3850 in
790 3793 845 3853 hac
859 3795 918 3853 vita
932 3793 1103 3852 haberemus
1119 3797 1148 3848 et
1163 3807 1237 3864 prae·

85 3916 147 3975 pue
161 3896 220 3958 bos
233 3897 414 3970 domesticos,
438 3911 553 3955 earnem
568 3902 598 3954 et
612 3897 748 3956 mundum
764 3904 794 3957 et
809 3899 973 3970 Sathanm,
994 3898 1097 3970 jubens
1115 3894 1167 3952 hos
1182 3893 1238 3952 fide

87 4025 91 4061 ·,
111 3980 261 4080 patientia
282 4016 419 4075 superare
443 4016 625 4076 conaremur,
650 4007 680 4060 et
700 4003 877 4063 orationibus
898 4005 923 4060 si
943 4003 1014 4061 alias
1037 4014 1164 4070 uuquam
1184 3999 1239 4058 hoc

89 4124 194 4186 mpore
208 4104 336 4165 maxine
349 4108 518 4167 massariis
532 4107 715 4168 inseremus.
