2678 4546
684 61 748 128 tto

123 248 229 321 jnstius
244 245 346 306 fnisset
361 248 398 306 ob
412 246 550 305 honorem
562 244 690 303 uictoriae
705 251 735 303 et
747 245 866 319 praemia
877 229 907 304 et
918 243 1034 303 landem
1045 247 1212 318 reportare.
1234 242 1299 301 Item

128 371 212 426 quem
223 357 361 423 (cruentus
377 357 406 410 ct
420 351 550 409 immanis
564 351 595 407 in
609 349 804 409 Abimelecum
825 355 853 410 et
872 351 934 424 ejus
954 351 1119 424 symmistes
1138 365 1174 408 ac
1193 362 1299 409 ornnem

126 458 270 517 eruerem
284 435 479 516 uoue'fuern.
511 456 573 515 uec
586 455 635 514 mc
650 455 755 514 oeneus
772 432 1012 515 esr'auuuorum
1026 455 1081 515 suu
1096 452 1298 525 nominentur

127 564 254 636 Idumaei,
279 565 327 635 qui
347 550 604 621 truculentissimus
624 561 758 622 adulator
778 564 843 620 'cum
862 561 966 620 milites
985 577 1005 620 a
1022 562 1116 620 latere
1135 561 1217 634 regis
1235 556 1297 617 illud

128 668 297 742 abnuerent,
322 669 352 725 in
367 668 488 742 gratiam
503 667 572 727 Saul
591 668 653 741 ipse
673 671 763 725 totam
782 667 896 727 domurn
910 665 1079 725 Abimelech
1101 671 1132 726 et
1146 667 1224 725 viros
1237 680 1295 738 por·

129 779 223 833 tentes
238 772 342 846 Ephod
358 774 522 846 octuaginta
543 773 668 846 quinque
688 771 841 847 interfecit,
865 770 907 831 ut
917 773 1014 847 legere
1033 777 1079 831 est
1094 771 1237 831 Samuelis
1252 770 1295 827 22.

129 880 209 939 Sauli
224 896 281 938 non
303 879 447 937 dissimilis
466 878 551 937 Ahab
569 876 665 952 luerit,
690 880 739 951 qui
759 879 813 938 sub
831 880 930 938 uxoris
948 879 1071 953 imperio
1086 883 1116 937 et
1136 876 1192 936 snb
1205 889 1294 950 pecea-

128 992 189 1044 tum
211 985 400 1044 venumdatus
423 985 453 1043 in
477 999 560 1042 sacra
585 985 729 1056 scriptura
752 982 870 1058 dicitnr,
894 988 929 1042 et
947 999 1033 1056 quam
1056 983 1191 1043 homines
1214 981 1295 1054 pita
1330 998 1338 1037 ;

128 1089 204 1165 frugi
224 1090 399 1163 iniquissime
415 1088 468 1147 sub
482 1088 568 1163 hujus
583 1089 659 1162 regis
674 1088 811 1161 regimine
829 1087 921 1148 habiti
940 1088 1007 1162 siut,
1031 1091 1160 1147 testatur
1179 1085 1294 1160 probitas
1329 1104 1338 1141 s

128 1196 230 1255 Abdiae
246 1196 387 1254 oeconomi
401 1195 487 1268 regis,
512 1194 561 1268 qui
580 1193 730 1254 abscondit
752 1196 792 1254 50
813 1194 968 1268 propbetas
987 1193 1019 1251 in
1038 1209 1099 1252 una
1115 1198 1147 1251 et
1164 1193 1208 1253 50
1219 1193 1247 1250 in
1260 1189 1294 1248 al·

129 1305 194 1359 tera
207 1300 351 1374 spelunca,
375 1315 495 1372 pascens
511 1314 561 1358 eos
576 1300 693 1372 insuper
708 1315 783 1374 pane
799 1305 828 1357 ct
843 1314 927 1373 aqna,
951 1313 1008 1372 qno
1027 1298 1208 1358 immunesa
1222 1296 1295 1356 nnci-

129 1404 245 1465 datione
265 1412 361 1464 essent
380 1411 433 1464 etc.
464 1406 580 1478 Rogare
601 1405 724 1478 denique
741 1406 828 1479 jussit
848 1405 1006 1480 dominum,
1023 1409 1064 1463 nt
1083 1409 1186 1480 patres
1204 1402 1296 1479 patria
1325 1416 1338 1459 ,ε

130 1513 220 1571 bonos
236 1512 317 1571 nobis
332 1512 481 1585 impartire
496 1509 672 1584 dignaretur.
943 1588 946 1595 Α

218 1618 244 1675 Α
260 1617 396 1675 concione
415 1615 543 1675 loannes
562 1613 653 1674 frater
674 1621 703 1675 et
723 1631 776 1689 ego
791 1614 1013 1675 atrebatensem
1032 1612 1116 1674 adire
1132 1612 1297 1683 volebamus,

131 1723 180 1795 qui
194 1727 290 1780 tamen
305 1721 342 1780 ad
356 1725 468 1795 patrem
487 1720 606 1794 abierat,
629 1721 694 1779 ilico
710 1727 806 1780 autem
826 1727 973 1781 revertens
993 1724 1024 1778 et
1038 1720 1206 1794 'conspectis
1220 1716 1297 1777 comi·

128 1828 205 1887 tibus
221 1827 416 1887 Waldecianis
431 1826 481 1900 ait,
504 1826 629 1884 nondum
644 1826 736 1885 habeo
751 1825 845 1887 adhuc
859 1843 1028 1901 responsum
1042 1839 1062 1885 a
1076 1842 1132 1887 sua
1146 1826 1297 1899 majestate

129 1933 193 1992 Hoc
207 1949 346 2007 responso
360 1933 407 1992 bic
423 1932 483 1991 dics
498 1929 633 1991 terendus
653 1936 725 1991 erat.

219 2039 278 2098 Sub
298 2038 371 2098 casis
391 2037 558 2096 mercatoris
579 2019 712 2097 Carolum
732 2052 751 2097 a
773 2036 907 2097 Stockem
926 2036 1088 2111 reperimus
1108 2033 1233 2095 eundem
1251 2032 1299 2092 boo

130 2141 329 2202 atrebatensis
343 2159 482 2216 responso
498 2144 633 2203 solantes.
1082 2194 1085 2205 .

219 2249 295 2307 Dum
317 2249 347 2307 in
370 2249 469 2307 eodem
490 2248 595 2306 itincre
618 2247 653 2306 de
675 2246 751 2306 libro
772 2246 933 2306 Bibliandri
959 2246 995 2305 de
1022 2246 1139 2307 ratione
1167 2240 1297 2306 commum

129 2354 254 2412 omnium
275 2355 436 2427 linguarum
455 2369 490 2411 ao
507 2352 668 2412 litterarum
687 2368 890 2428 mercaremur,
913 2352 989 2412 Dido
1009 2368 1027 2410 a
1046 2352 1239 2433 Knipbausen
1256 2363 1295 2408 st·
1328 2344 1338 2363 ¹

129 2461 268 2534 pervenit,
292 2459 431 2532 indicam,
456 2459 505 2530 qui
520 2465 596 2517 esset
610 2463 702 2517 status
717 2463 903 2531 cognatorum
918 2463 1083 2517 nostrorum
1098 2456 1138 2517 de
1152 2458 1237 2532 Hoia,
1254 2450 1295 2513 sad
1335 2494 1338 2517 ι

129 2581 242 2624 causam
259 2580 357 2624 corum
372 2570 472 2624 contra
486 2564 672 2623 Franciscum
687 2580 705 2622 a
719 2563 788 2622 Hall
808 2562 871 2622 duci
886 2561 1044 2622 iuliacensi
1063 2569 1096 2622 ut
1110 2559 1295 2624 commissario

129 2688 147 2730 a
162 2688 287 2731 caesarea
301 2670 452 2742 majestate
468 2669 647 2727 commissam
663 2681 734 2727 esse.

218 2776 329 2833 Eadem
344 2775 492 2847 episcopus
508 2774 686 2833 Trevirensis
706 2789 757 2845 per
772 2771 956 2832 Wilhclmum
972 2771 1122 2844 juniorem
1143 2773 1293 2833 comitem

130 2880 322 2953 Witgcnstein
343 2896 510 2944 nossecnm
529 2879 672 2954 prandere
688 2878 785 2951 J'ussit.
819 2878 930 2937 Eadem
950 2876 988 2934 ad
1008 2874 1182 2951 Gultlingcn
1200 2873 1292 2953 proli·

130 2986 253 3045 centiato
269 2987 363 3045 Maior
377 2999 430 3059 per
443 2986 617 3061 scripsimus.
649 2982 781 3043 Subortae
801 2989 869 3043 sunt
887 2983 987 3042 cadem
1007 2982 1081 3040 rixae
1101 2980 1290 3043 nonnullein·

129 3096 174 3148 ter
189 3090 388 3152 Wendelinum
403 3099 432 3151 et
446 3092 573 3150 Florum.

217 3197 395 3256 Trerirensis
417 3197 625 3271 archiepiscopi
647 3210 753 3254 mensae
775 3195 917 3254 Ernestus
940 3209 1033 3252 comes
1055 3209 1076 3252 a
1096 3193 1207 3268 Solius,
1228 3188 1288 3251 llu-

128 3302 204 3358 rious
219 3317 312 3361 comcs
327 3318 345 3359 a
360 3301 511 3376 Liningen,
536 3302 696 3377 Philippus,
721 3300 836 3360 Samuel
856 3304 885 3357 et
899 3297 1030 3356 Eubulus
1050 3299 1173 3359 comitas
1192 3290 1285 3359 ⁸th-

129 3405 210 3478 declr,
234 3404 337 3464 nobilis
356 3406 391 3465 de
407 3405 584 3481 Schomberg
603 3405 796 3465 marschalcus
815 3403 931 3464 caesaris
952 3407 1005 3463 etc.
1021 3402 1198 3465 Wilhelmus
1210 3408 1284 3463 co!

129 3525 147 3567 a
162 3488 353 3583 Witgenstein
367 3512 498 3571 aderant.

218 3614 298 3673 Inter
312 3615 511 3675 Trevirensem
527 3621 556 3676 et
570 3615 715 3674 Eubulum
730 3619 900 3673 conventum
915 3620 968 3686 est,
985 3619 1019 3674 ut
1031 3615 1057 3673 si
1072 3614 1206 3676 Eubulus
1217 3609 1281 3673 ΙΙ·

126 3719 260 3778 toburum
282 3720 441 3793 plaustrum
463 3722 601 3780 cerevisia
616 3720 807 3779 Corbacbensi
827 3723 961 3780 onustum
980 3719 1090 3795 nuttat,
1113 3716 1279 3793 amnicum

127 3842 180 3899 pus
202 3825 273 3885 illud
296 3826 361 3885 vino
383 3829 515 3883 onustum
537 3826 677 3899 remittat,
701 3825 776 3884 idem
798 3824 926 3885 facturus
949 3825 1063 3885 etiamsi
1085 3824 1222 3886 censuim·
1236 3826 1278 3877 1

126 3927 219 3988 detur.
250 3931 399 3990 Pollicitus
419 3935 464 3988 est
483 3935 512 3988 et
527 3931 706 3989 Trevirensis
727 3947 758 3990 se
773 3933 868 3990 omnia
882 3930 974 3990 nostri
988 3945 1059 4004 ergo
1075 3934 1107 3991 et
1120 3927 1200 4007 apud
1210 3932 1275 3986 td
1331 3980 1338 3987 .

128 4046 188 4088 rem
207 4042 237 4093 ct
255 4035 332 4107 apud
351 4036 571 4095 Atrebateusem
593 4036 761 4094 subiturum.
798 4035 842 4093 De
863 4036 925 4108 eJ‘us
944 4034 1094 4095 voluntate
1114 4051 1174 4095 non
1187 4026 1274 4093 ciffi·
1321 4084 1338 4095 .

127 4134 242 4209 bonnm,
264 4141 317 4199 scd
338 4142 421 4201 obest
442 4140 484 4198 illi
506 4139 662 4199 dexteritas
685 4141 839 4216 papistica‚
863 4140 919 4199 hoc
940 4146 1000 4216 est,
1024 4158 1031 4199 ι
1079 4139 1104 4201 d
1120 4137 1219 4201 cauri
1233 4136 1272 4191 ¹¹
