2678 4546
10 39 268 97 μ

610 129 672 195 ill

54 302 203 389 occipere,
234 319 265 374 et
288 316 323 371 ru
347 312 379 373 iu
402 313 539 388 temporis
566 314 732 375 adessemus
755 314 850 386 jussit.
904 314 982 372 Idem
1008 314 1106 386 jussus
1131 319 1227 373 estet

55 420 189 479 Carolus.

140 524 272 585 Prandiu
287 530 388 583 nostro
405 521 526 584 Carolus
541 541 559 583 a
575 525 700 583 Storkcu
715 529 744 583 et
758 525 900 583 Burlcron
916 523 1116 583 intur-buerunt.
1147 526 1225 584 Emi·

53 649 112 691 mus
131 630 238 690 eadem
258 629 399 703 seriptum
423 630 527 702 prioris
548 630 579 688 iu
606 629 758 703 Rhodortl,
786 646 842 702 quo
865 631 979 705 pinguis
1001 632 1178 704 aqualiculus
1199 639 1228 691 et

54 739 205 797 &osmunt
220 732 407 795 Roterotlam.
422 735 514 808 carpit
529 741 558 794 01
573 736 669 795 dirum
685 737 805 795 Paulum
821 750 939 793 uxorem
954 751 1011 793 uon
1026 736 1158 795 habuisse
1174 736 1225 796 ad-

53 848 164 901 struere
179 845 316 900 couatur.
360 854 363 861 ·
684 840 688 845 '

134 946 255 1007 Eadem
268 924 450 1007 ‘Fredoricus
469 946 579 1020 Perger
601 945 718 1021 Georgii
739 945 814 1005 filius
835 947 1027 1006 aRatisbonu
1048 963 1099 1005 nos
1122 949 1226 1020 imisit,

54 1053 181 1113 indicans
196 1052 275 1111 iuter
290 1056 391 1112 cetera
410 1050 446 1112 de
467 1053 664 1112 controversia
679 1053 792 1111 Luxani
815 1051 943 1127 praefecti
965 1054 1037 1125 regii
1058 1068 1091 1110 ac
1114 1052 1228 1127 Georgii

10 1124 14 1163 ’
55 1160 181 1233 Pergeri,
197 1164 230 1217 et
245 1140 388 1231 quomodo
404 1155 496 1217 Wum
507 1157 609 1215 Haller
626 1157 784 1231 Pergerum
800 1160 829 1216 iu
843 1160 961 1218 tutelam
978 1160 1129 1232 acceperit.
1158 1158 1228 1217 Orta

10 1291 13 1313 ·
56 1270 146 1324 autem
155 1252 211 1323 ¹est
225 1262 290 1321 haec
303 1264 368 1322 rixa
387 1263 425 1323 ob
439 1279 497 1322 uon
511 1263 689 1337 hospitatum
704 1264 881 1323 bohemicum
897 1265 1033 1337 aulicum,
1057 1279 1119 1321 cum
1133 1270 1227 1323 tnrncn

55 1370 205 1429 Cutturum
220 1370 335 1442 legatos
349 1368 474 1442 bospitio
488 1369 656 1441 excepisset.
696 1370 888 1442 Interroganit
903 1385 1017 1441 quoquc
1033 1386 1085 1428 nos
1101 1370 1137 1428 de
1153 1370 1228 1429 uale-

55 1475 148 1534 tudine
164 1474 302 1547 Pistorii,
325 1466 396 1531 'item
416 1488 454 1531 an
476 1466 544 1531 mibi
567 1490 603 1531 ex
625 1490 713 1532 uxore
727 1475 811 1534 liberi
826 1477 891 1533 sint.
931 1475 1032 1533 Aiebat
1049 1481 1184 1548 parentes
1199 1482 1227 1534 et

55 1578 154 1640 brues
179 1595 251 1638 suos
273 1579 351 1639 buua
371 1593 435 1637 esse
457 1576 630 1638 ualetudine.
671 1579 811 1638 Inritatus
834 1585 878 1638 est
901 1596 918 1637 a
943 1581 1024 1639 nobis
1047 1581 1083 1639 acl
1106 1598 1226 1655 currum,

10 1724 16 1783 ἓ
56 1701 149 1745 rerum
163 1684 350 1759 gravioribus
365 1688 520 1757 occupatus
534 1684 634 1743 uenire
649 1700 706 1743 uon
722 1686 823 1756 potuit.

138 1790 284 1863 Quoniam
299 1795 351 1849 tua
368 1790 501 1848 voluutas
515 1795 569 1863 est,
586 1789 708 1864 domine,
732 1797 765 1850 ut
784 1807 837 1863 pro
856 1788 1084 1848 benefactoribus
1104 1808 1227 1865 oremus,

10 1872 18 1961 ;⁵
59 1894 173 1983 murciae
187 1896 241 1971 eis,
265 1896 316 1968 qui
330 1893 413 1955 uobis
431 1895 505 1954 bene
526 1896 687 1970 uoluerunt,
703 1902 822 1969 propter
841 1912 944 1953 nomen
966 1902 1096 1954 sanctmn
1115 1902 1205 1954 tuum.

10 1984 13 1999 ¹
139 2002 211 2060 xxix
224 2000 299 2075 niuji
312 2002 344 2059 iu
356 1993 465 2075 templo
479 2001 682 2060 observantum
698 2001 725 2060 d.
747 2001 916 2059 Leormrdns
936 2018 970 2059 ex
990 2017 1051 2075 cap.
1072 2002 1191 2060 Joanuis
1208 2005 1225 2061 3

61 2105 91 2165 de
103 2107 243 2180 mysterio
258 2112 450 2166 sacrosanctus
464 2107 566 2166 triadis
583 2109 767 2166 concionatus
783 2114 835 2178 cst,
859 2107 996 2179 indicans,
1021 2124 1105 2179 rpuum
1121 2108 1227 2167 bomini

10 2226 13 2279 ξ
61 2227 91 2270 ex
103 2212 232 2286 propriis
255 2208 366 2271 vilibus
384 2210 561 2272 divinitatem
582 2226 739 2286 agnoscere
754 2212 928 2284 impossibile
944 2213 990 2271 sit.
1030 2212 1184 2271 Proierens
1198 2214 1228 2271 in

59 2317 177 2379 medium
191 2323 292 2377 uotum
307 2316 382 2376 illud
397 2316 434 2377 de
449 2319 544 2391 puello
559 2318 625 2377 vola
639 2334 740 2377 manus
756 2335 834 2376 mure
850 2319 1002 2376 exlrnurire
1018 2327 1139 2378 conante
1155 2327 1184 2378 et
1200 2318 1226 2378 tl.

58 2422 217 2497 Augustino
232 2427 287 2482 eto.
323 2422 399 2483 Item
419 2422 455 2482 de
478 2422 618 2482 distinctis
640 2424 770 2495 personis
792 2424 822 2481 in
842 2423 942 2481 euclem
956 2426 1085 2484 trinitate
1101 2431 1130 2483 et
1144 2427 1228 2498 buius

58 2531 98 2588 rei
108 2531 275 2589 testimonia
286 2530 438 2602 scriptura
452 2528 580 2589 adduxit.
605 2530 675 2588 ltem
692 2528 842 2602 quomodo,
859 2523 925 2587 dum
940 2530 1227 2602 baptizareturcbri·

59 2642 116 2695 stus
128 2637 161 2695 iu
175 2636 316 2709 Jordane,
331 2637 424 2709 patris
439 2650 494 2695 rox
509 2637 583 2712 (brae
597 2637 719 2695 scilicet:
737 2636 792 2693 Hie
807 2640 851 2693 est
865 2633 941 2692 filius
957 2652 1036 2693 nicus
1054 2635 1182 2710 dilectus,
1199 2638 1228 2695 in

59 2758 112 2814 quo
130 2741 204 2800 milri
224 2740 298 2801 bene
312 2742 512 2814 complacitum
532 2748 590 2814 est,
615 2742 692 2800 bunc
712 2738 822 2814 audite)
845 2742 944 2800 audita
964 2748 1015 2799 est.
1061 2742 1152 2800 Filius
1167 2749 1229 2802 erat

59 2847 125 2923 ipse,
141 2848 193 2923 qui
206 2846 418 2922 baptizabatur,
435 2853 466 2907 et
479 2863 502 2906 s.
513 2848 630 2921 spiritus
644 2848 674 2905 in
690 2848 784 2919 speeie
799 2845 936 2906 columbae
952 2863 1039 2920 super
1054 2849 1124 2907 Jesu
1138 2865 1227 2922 appa·

62 2954 125 3013 mit
167 2954 242 3013 Item
256 2952 334 3027 quod
348 2951 425 3011 filius
441 2952 532 3011 solum
547 2953 734 3025 assumpserit
747 2968 860 3026 romnus.
894 2953 965 3010 item
981 2953 1056 3025 quod
1072 2956 1189 3029 spiritus
1205 2973 1227 3014 s.

59 3056 92 3117 tle
105 3064 192 3132 patro
206 3055 310 3123 etlilio
323 3058 363 3118 sit
376 3058 546 3132 procedens,
563 3061 630 3118 item
646 3074 731 3132 quum
747 3059 843 3131 inepte
860 3058 954 3115 Juuaei
971 3064 999 3116 01
1015 3062 1111 3118 caueri
1127 3034 1227 3119 infide-

59 3163 100 3223 les
113 3180 169 3223 nos
186 3160 364 3225 cursurum
384 3169 446 3223 tres
461 3163 530 3224 deos
546 3164 682 3238 adorare,
707 3180 770 3221 cum
790 3167 819 3221 in
843 3180 928 3221 unum
944 3169 1052 3222 tantum
1070 3164 1228 3245 crctlamuS,

59 3269 206 3340 effuuaut3
230 3267 309 3341 quod
321 3266 403 3327 Deus
425 3268 463 3327 sit
482 3269 599 3343 spiritus
619 3286 676 3328 non
697 3269 807 3329 babens
823 3286 926 3345 corpus
942 3272 1047 3336 nostris
1063 3269 1229 3341 corporibus

59 3377 161 3449 slmile3
179 3374 259 3449 quod
272 3380 368 3434 autem
383 3391 409 3433 s.
424 3375 568 3448 scriptura
575 3374 638 3433 Deo
653 3377 760 3448 oculor,
776 3376 894 3445 nultum,
907 3391 1007 3432 nrarms
1019 3380 1072 3433 etc.
1089 3375 1227 3448 attribuit,

60 3479 174 3555 idfieri,
200 3480 280 3555 guod
298 3481 442 3555 scriptura
466 3497 520 3553 pro
544 3486 628 3554 captu
652 3482 776 3539 bumano
798 3480 974 3538 divinitatum
996 3482 1229 3541 circnmscribens

61 3586 205 3661 loquatur.
229 3586 386 3659 Quaelibi
401 3601 420 3644 a
434 3585 520 3644 nullis
535 3587 696 3644 mortalium
712 3587 775 3658 capi
791 3592 896 3659 posset.
921 3586 985 3643 Huc
999 3587 1089 3646 multa
1104 3590 1228 3647 testimo·

63 3694 106 3753 uia
121 3710 157 3753 ex
172 3692 291 3767 psalmis
305 3698 336 3753 et
350 3691 416 3753 aliia
430 3690 530 3751 Bibliae
550 3692 620 3750 locis
635 3689 777 3749 adferens.
816 3692 886 3749 item
904 3709 991 3764 (ruane
1007 3709 1029 3749 s,
1047 3695 1162 3767 spiritus
1178 3710 1228 3750 no·

62 3801 179 3860 minetur
194 3805 307 3871 sentus,
323 3801 393 3858 item
407 3796 483 3856 deri
503 3803 532 3856 01
540 3799 670 3871 potentia
680 3803 837 3856 ventorum.
855 3799 916 3853 euri
933 3798 1047 3869 scilicet,
1066 3800 1114 3868 qui
1128 3802 1229 3854 cuncta

63 3904 158 3979 perflet
178 3910 209 3965 et
229 3904 401 3977 concutiat,
414 3907 443 3961 01
457 3900 580 3976 favonii,
607 3904 654 3974 qui
675 3919 726 3960 sno
748 3901 817 3960 flatu
841 3903 935 3960 omnia
952 3903 1100 3960 exlnilurct.
1140 3900 1185 3956 Sic
1201 3907 1230 3958 ot

63 4012 173 4085 spiritus
188 4026 212 4070 a
227 4007 341 4071 afflatur
355 4023 440 4068 nemo
455 4009 590 4067 resistere
606 4015 708 4081 pot-est,
727 4009 801 4066 sieut
815 4009 963 4081 propalam
975 4007 1061 4063 visum
1080 4006 1166 4062 estin
1184 4004 1229 4063 die

65 4121 245 4191 pentecostes,
259 4112 372 4175 frustm
386 4113 612 4187 repugnantibus
628 4113 781 4172 Pharisaeis
805 4118 833 4170 et
849 4111 949 4169 scribis
966 4116 1018 4167 etc.
1057 4109 1096 4166 bt
1111 4108 1176 4166 huic
1191 4111 1229 4169 ad

66 4216 134 4280 bunc
145 4236 235 4297 usque
250 4218 330 4281 diem
343 4222 424 4279 totus
438 4216 561 4278 muudus
579 4218 714 4278 resistere
734 4223 867 4290 conatur,
893 4221 922 4274 et
935 4219 1031 4274 tamen
1052 4213 1097 4270 bic
1112 4215 1230 4288 spiritus
