2678 4546
653 65 698 144 '88

86 281 152 341 quoe
172 264 209 325 de
228 265 315 324 vinea
336 263 464 337 loquitur
486 266 540 321 etc.
578 259 661 337 Nam,
686 261 788 336 inquit,
809 261 839 319 hi
857 275 1003 332 sermones
1017 259 1180 335 parabolici
1192 263 1263 322 ima·

85 372 166 447 gines
187 376 256 430 suut
278 373 307 428 et
329 368 490 428 simulacra.
529 367 720 440 Quamobrem
743 366 768 426 si
788 366 958 441 imaginibus
981 367 1149 441 delectaris,
1174 383 1263 442 quare

85 490 143 536 non
157 491 222 535 cnm
239 491 308 535 oves
323 474 421 534 videas
436 472 490 534 tibi
505 475 535 532 in
549 479 673 533 mentem
688 474 778 533 venit:
805 473 884 532 «Nos
906 491 973 533 oves
994 487 1107 548 sumus,
1132 472 1263 533 Christus

86 580 136 641 ille
150 597 236 640 verns
251 586 359 654 pastor,
384 581 433 653 qui
450 578 551 640 ovibus
567 580 618 640 dat
631 579 776 654 pabulum,
800 595 853 654 pro
870 579 911 638 eis
927 579 1051 639 animam
1073 597 1156 666 suam
1172 579 1263 654 posuit

86 693 117 748 et
136 686 230 747 adhuc
251 687 336 746 hodie
356 704 410 762 pro
431 686 500 762 ipsis
522 685 661 747 sollicitus
683 692 758 745 est«
790 682 871 758 item,
889 701 953 744 cum
967 686 1073 745 ostium
1092 685 1194 744 domus
1208 691 1262 744 tua

87 794 257 869 ingrederis,
281 809 332 852 cur
354 809 412 852 non
435 793 556 866 cogitas,
586 789 735 850 «Christus
756 808 855 850 verum
876 796 920 851 est
939 791 1057 865 ostium,
1082 806 1137 865 per
1150 790 1261 850 illudio

87 899 196 976 intrare
207 904 340 973 oportet«
352 900 405 958 etc.
430 900 512 971 Item,
529 913 593 957 eum
602 898 689 956 vitem
704 898 853 971 conspicis,
864 896 933 970 quin
941 878 1070 956 'mentem
1081 902 1163 957 tuam
1176 894 1260 956 subit:

89 1002 240 1066 «Christus
256 1019 326 1064 vera
341 1010 386 1063 est
399 1002 485 1063 vitis?
517 1003 603 1063 Faxit
616 1002 711 1076 Deus,
733 1006 766 1060 ut
779 1003 835 1079 ipsi
850 1003 904 1061 sim
919 1001 1028 1076 palmes
1043 1001 1170 1062 fructum
1185 1003 1215 1061 in
1229 1017 1259 1061 eo

86 1107 183 1170 terens
199 1116 228 1170 et
243 1111 273 1169 in
287 1111 347 1169 vite
361 1124 563 1183 permanens<
589 1107 637 1166 Sic
647 1113 676 1167 et
688 1107 819 1166 similiter
834 1106 871 1167 de
883 1107 956 1166 aliis,
981 1107 1012 1166 Si
1024 1108 1101 1166 enlm
1114 1113 1165 1167 aut
1178 1108 1259 1180 scrip·

85 1215 133 1290 tle,
156 1219 208 1274 aut
222 1214 340 1287 sculptis
355 1212 402 1272 vel
415 1213 550 1287 penicillo
566 1215 691 1273 exaratIs
711 1213 869 1273 simulacris
889 1208 984 1284 auimo
1000 1213 1119 1295 gaudes,
1136 1211 1190 1292 ¹fao
1204 1213 1260 1272 hec

85 1319 219 1394 loquacia
234 1319 394 1392 simulacra,
419 1334 483 1391 quae
497 1318 552 1377 tibi
566 1318 703 1380 salutaria
718 1325 748 1379 et
762 1336 832 1380 vera
847 1323 1066 1393 repraesentant,
1088 1317 1258 1382 consideres.

86 1422 158 1486 Post
171 1425 234 1484 haec
245 1424 480 1498 jucundissimam
497 1423 625 1484 reddidit
644 1427 796 1500 rationem,
820 1442 872 1485 cur
893 1423 1024 1484 Christus
1045 1440 1077 1484 se
1097 1425 1192 1499 ipsum
1205 1439 1258 1484 non

87 1530 184 1606 cedro,
209 1531 336 1606 quercui,
362 1529 458 1605 abieti,
482 1529 549 1606 fago
565 1509 616 1591 aut
631 1532 661 1591 id
676 1548 766 1605 genus
781 1531 918 1591 arborum
937 1531 1121 1606 compararit,
1146 1530 1199 1591 sed
1213 1545 1256 1605 pa

86 1638 144 1699 tius
163 1638 230 1710 viti,
254 1637 332 1711 ligno
352 1653 541 1712 nonmagna
563 1638 769 1713 aestimationis,
794 1639 817 1697 si
838 1637 977 1712 surculos,
1000 1637 1136 1712 palmites
1148 1636 1205 1719 ,vel
1219 1651 1257 1696 ar·

86 1744 186 1806 berem
201 1744 349 1804 intuearis.
387 1743 450 1818 Ast,
473 1744 600 1817 aiqboc
620 1760 711 1820 genus
733 1744 804 1818 ligni
824 1742 939 1804 Christo
961 1743 1110 1818 aptissime
1132 1729 1255 1818 quadrat

86 1848 160 1910 Nam
181 1857 215 1911 ut
233 1851 300 1910 vitis
321 1850 431 1924 lignum
451 1853 481 1908 et
501 1847 628 1924 frondes,
651 1851 681 1908 ni
697 1848 820 1908 fructum
835 1852 969 1926 aestimes,
987 1850 1210 1924 contemptibile,
1229 1854 1256 1907 ut

88 1955 260 2030 inspeciem
280 1956 402 2028 videtur,
427 1960 480 2028 est,
502 1955 543 2013 ita
563 1953 693 2015 Christus
716 1955 846 2014 dominus
869 1955 936 2014 dum
950 1957 981 2015 in
995 1962 1075 2016 terra
1088 1960 1254 2024 versaretur,

88 2061 262 2132 contemptui
280 2061 394 2121 babitus
410 2066 462 2134 est,
478 2064 508 2118 et
525 2061 630 2120 nribus
644 2063 757 2120 numeri
768 2062 852 2135 Juxta
868 2077 984 2121 carnem
998 2059 1108 2120 Judais
1123 2041 1218 2134 fiebat,
1233 2061 1255 2118 et

87 2178 125 2224 ex
139 2164 239 2224 humili
253 2171 345 2224 matre
359 2166 470 2239 virgine
484 2166 580 2226 Maria
595 2165 674 2244 (licet
688 2167 778 2241 stirpe
792 2165 885 2242 regia)
901 2169 981 2226 nasci
994 2168 1095 2242 voluit,
1116 2173 1150 2227 nt
1163 2165 1254 2228 Esaias

89 2268 171 2345 dicit,
195 2270 269 2329 sicut
288 2271 443 2346 virgultum
466 2270 601 2334 deterre
624 2273 706 2333 arida
722 2288 903 2347 excrescens,
933 2274 1033 2346 utique
1053 2273 1102 2348 qui
1114 2273 1253 2353 dicerent:

87 2375 234 2450 Numquid
248 2374 322 2437 fabri
337 2375 412 2437 filius
427 2385 472 2439 est
485 2377 560 2438 iste?
590 2379 695 2438 Nonne
715 2395 768 2438 nos
788 2384 898 2453 patrem
920 2385 949 2438 et
969 2385 1091 2439 matrem
1107 2380 1169 2454 ejus
1184 2375 1251 2438 novi·

86 2480 171 2543 mus?
200 2483 283 2545 Unde
299 2483 346 2543 bic
366 2485 420 2544 scit
434 2483 555 2545 literas?
571 2490 624 2545 etc.
663 2485 741 2544 Num
765 2502 783 2544 a
804 2483 924 2544 Garnae
945 2483 1121 2558 quidboni?
1143 2491 1194 2546 etc.
1221 2481 1251 2540 Et

88 2587 217 2649 Christus
238 2592 312 2664 ipse,
336 2590 443 2664 iuquit,
467 2592 576 2664 gratias
599 2607 653 2665 ago
668 2590 735 2665 tibI,
760 2594 853 2665 pater,
878 2590 955 2665 quod
975 2576 1151 2651 abscondisti
1167 2589 1251 2649 baca

87 2695 263 2767 sapientibus
285 2675 314 2754 et
333 2694 523 2769 prudentibus
546 2701 575 2755 et
597 2711 632 2754 ea
654 2695 781 2769 parvulis
804 2695 947 2783 revelasti.
985 2697 1026 2756 Et
1047 2695 1169 2756 Paulus:
1196 2691 1250 2754 lion

87 2798 169 2856 multi
191 2803 337 2874 potentes,
362 2816 419 2859 nou
441 2800 522 2859 multi
545 2803 688 2874 sapientes
711 2801 866 2861 secundum
890 2817 1004 2861 carnem
1027 2807 1081 2860 etc,
1120 2782 1175 2862 Sin
1193 2809 1250 2858 vero

87 2901 178 2979 probe
200 2909 229 2962 et
250 2903 289 2963 ad
310 2905 444 2964 amussim
466 2922 527 2964 rem
550 2906 777 2980 animadvertas,
803 2906 933 2966 Christus
956 2923 1026 2967 vera
1048 2907 1100 2965 illa
1121 2906 1187 2966 vitis
1207 2905 1250 2972 est
1291 2906 1294 2913 '

88 3024 151 3083 quae
174 3008 366 3068 dulcissimum
388 3008 445 3069 fert
464 3009 602 3086 fructum,
626 3008 749 3072 fructum
772 3013 903 3088 spiritus,
927 3012 1051 3072 fructum
1071 3013 1164 3071 omnis
1185 3007 1251 3078 boni,

86 3111 210 3173 fructum
223 3112 299 3189 fidei,
316 3116 387 3190 spei,
404 3115 552 3176 charitatis
568 3134 602 3177 ac
619 3117 731 3177 demum
747 3117 872 3179 fructum
886 3121 953 3179 vitae
969 3135 1003 3178 ac
1018 3119 1120 3179 salutis
1137 3124 1251 3179 aterna.

86 3218 202 3280 Patrem
222 3226 317 3280 autem
337 3223 410 3281 miro
430 3222 572 3282 schemate
593 3224 745 3284 vinitorem
765 3226 824 3286 sive
844 3226 998 3300 agricolam
1018 3229 1118 3299 vocat,
1143 3225 1185 3284 illi
1205 3236 1253 3281 om·

87 3340 151 3384 nem
169 3327 307 3385 bonorem
327 3326 464 3387 tribuens.
502 3329 542 3388 Et
562 3329 690 3403 quando,
715 3331 820 3406 inquit,
845 3337 928 3404 pater
948 3332 1022 3392 banc
1043 3331 1130 3390 vitem
1151 3330 1253 3405 planta·

85 3428 147 3491 vit?
178 3430 260 3505 Tum,
283 3447 345 3491 cum
365 3434 482 3494 verbum
501 3451 568 3494 caro
584 3433 693 3494 iactum
709 3441 762 3510 est,
787 3437 817 3494 in
832 3435 889 3496 fine
904 3444 1073 3510 tempomm.
1105 3436 1182 3496 Vitis
1195 3447 1254 3494 vero

85 3537 298 3596 similitudinem
319 3539 468 3614 scripturis
490 3542 580 3601 sacris
601 3538 768 3602 familiarem
791 3558 867 3618 esse,
891 3559 928 3604 er
949 3541 1098 3616 prophetis
1120 3540 1210 3603 Esaia
1232 3542 1256 3597 et

84 3641 213 3704 Ieremia
227 3641 361 3718 ostendit,
386 3645 455 3704 item
475 3662 510 3706 ex
530 3647 641 3722 psalmo
664 3649 705 3706 80
729 3665 782 3722 per
798 3664 849 3708 sex
863 3650 992 3724 integros
1007 3664 1121 3722 versus;
1147 3650 1214 3711 item
1227 3661 1256 3706 er

84 3747 180 3808 verbis
196 3742 303 3808 Christi
318 3746 353 3807 de
368 3746 427 3807 filio
443 3753 519 3826 regis
537 3757 566 3811 et
581 3753 665 3812 vinea
681 3759 710 3812 et
729 3754 833 3827 iniquis
848 3755 990 3828 agricolis.
1022 3754 1096 3814 Item
1111 3769 1177 3815 esse
1191 3768 1257 3831 pra

84 3859 129 3914 ter
148 3855 224 3915 banc
245 3855 331 3915 vitem
347 3853 490 3914 Christum
511 3857 589 3917 aliud
610 3859 676 3918 vitis
698 3876 802 3933 genus,
828 3859 905 3934 quod
926 3861 1087 3922 labruscam
1110 3858 1160 3919 die
1181 3857 1258 3920 vvi1de

84 3958 259 4020 Weinreben
280 3977 423 4022 vocamus.
461 3961 611 4035 Ejusmodi
631 3971 698 4024 sunt
721 3965 813 4026 cultus
833 3968 1023 4041 excogitatitii
1043 3971 1072 4026 et
1093 3964 1258 4028 traditiones

83 4063 215 4126 humanae
231 4085 266 4127 er
280 4071 332 4129 viti
347 4086 417 4129 vera
431 4057 490 4128 nou
507 4069 645 4130 deductae.
678 4073 795 4132 Patrem
815 4078 910 4132 autem
930 4073 1070 4146 palmites,
1096 4073 1197 4148 quiin
1209 4072 1259 4131 mc

83 4169 143 4230 vita
157 4167 280 4230 fructum
295 4188 353 4234 non
367 4172 473 4249 ierunt,
497 4176 550 4236 sed
566 4176 753 4251 degenerant,
769 4183 930 4256 amputare.
961 4178 1081 4239 Interim
1095 4193 1148 4241 eos
1164 4178 1256 4249 edm.
