2678 4546
692 39 721 94 lt

141 215 233 272 minus
248 214 296 272 ille
320 215 446 273 omnium
464 218 548 286 pater
568 212 704 286 dignetur
718 210 843 283 donare,
865 214 899 268 nt
918 211 949 268 in
963 206 1078 268 domino
1092 223 1158 267 cnm
1172 208 1306 268 sollicitu-

141 320 208 378 dine
222 319 405 393 magistratus
418 319 547 393 prosint,
563 316 671 375 subditi
681 315 873 376 obedientiam
884 313 1010 374 debitam
1019 317 1161 388 praestent
1174 312 1214 374 ad
1222 312 1307 373 divim

141 426 186 481 sui
200 424 323 482 nominis
336 423 475 483 honorem
489 431 520 482 et
532 423 630 497 populi
645 418 814 495 proiectum
837 422 940 479 Amen

231 529 283 587 L'si
297 546 393 588 sumus
407 536 437 587 ct
450 528 478 587 d.
496 527 592 587 Caroli
606 527 734 587 consilio.
773 525 882 584 Eadem
897 525 967 584 Otto
980 539 1075 584 comcs
1088 539 1109 582 s
1122 521 1304 596 Schomberg,

142 633 353 708 archipraesulis
374 633 553 694 Coloniensis
572 649 723 707 germanus
746 631 838 690 iratm
860 630 1011 690 advenisse
1033 628 1194 688 dicebatur.
1232 627 1306 686 llar-

142 739 256 797 chalcus
276 740 450 813 Schombcrg
472 745 502 797 et
520 738 686 798 domiuusa
705 738 855 810 chtingen
874 752 978 811 operas
992 750 1059 794 anas
1085 731 1171 792 nobis
1191 732 1307 806 polliciti

142 852 216 917 sunt,
233 844 283 902 sed
296 844 422 904 Nasonis
437 859 529 903 more:
559 843 698 902 Pollicitis
712 842 793 902 dives
808 841 930 916 quilibet
942 856 1006 900 esse
1019 843 1131 914 potest·
1165 838 1207 897 Et
1221 853 1305 912 grave

142 956 187 1006 est
200 949 279 1022 vulpi
293 949 385 1008 leonis
399 950 504 1008 malam
517 950 641 1022 gratiam
656 948 739 1006 inire.

230 1054 342 1113 Eadem
356 1053 527 1112 Wilhelmus
544 1069 638 1111 comcs
657 1053 804 1112 aNassan
826 1068 879 1126 per
893 1049 1028 1109 Lindium
1050 1047 1135 1107 nobis
1156 1046 1215 1106 dici
1228 1062 1306 1104 curu-

142 1159 201 1231 vit,
230 1158 473 1231 archiepiscopum
495 1156 688 1216 coloniensem
713 1157 751 1216 de
769 1157 867 1214 multis
884 1154 1013 1228 injutis,
1036 1153 1140 1227 quibus
1163 1153 1269 1225 etipse
1282 1156 1309 1210 ct

142 1261 252 1320 subditi
270 1265 316 1320 sui
333 1279 353 1321 a
373 1262 455 1321 nobis
473 1261 570 1320 affecti
588 1268 697 1335 essent,
724 1264 911 1334 conquestum
930 1275 1008 1330 esse,
1030 1265 1062 1317 et
1083 1258 1141 1317 nisi
1160 1259 1308 1317 comitosa

143 1367 286 1426 Waldeclr
300 1368 376 1441 apud
389 1383 456 1425 snos
471 1372 621 1441 curarent,
642 1374 675 1425 ut
688 1368 723 1424 iis
738 1366 825 1425 rebus
840 1363 1086 1439 supersederetnr,
1110 1360 1307 1422 coloniensem

143 1472 191 1531 vel
204 1474 331 1531 crastino
346 1472 419 1531 velle
434 1473 630 1531 executionem
645 1470 774 1529 mandati
788 1475 818 1528 et
828 1471 904 1544 juris
918 1485 937 1529 a
951 1468 1067 1528 Cnsare
1080 1472 1196 1542 petere.

232 1577 341 1635 Eadem
355 1577 491 1636 Nicolaus
506 1577 600 1635 Maier
615 1577 775 1635 licentiatus
798 1592 850 1649 per
869 1574 1035 1634 schedulam
1049 1569 1232 1646 significarit,
1247 1585 1307 1644 qne

143 1681 307 1742 Bulthasari
322 1697 341 1739 a
354 1679 520 1755 Gultlingen
533 1698 586 1741 suo
601 1682 715 1739 nominc
730 1679 934 1754 perscribenda
948 1684 1055 1738 essent.
1145 1748 1150 1753 .

232 1787 314 1845 Mota
335 1792 380 1845 est
400 1787 503 1847 seditio
522 1787 598 1844 inter
616 1786 764 1845 institores
783 1783 954 1859 etpedites,
978 1782 1103 1844 seduno
1118 1782 1255 1843 etaltero
1275 1792 1307 1837 ex

143 1892 287 1964 peditibus
302 1891 371 1950 laeso
385 1907 433 1950 res
447 1906 514 1950 mox
528 1891 678 1965 consopita
692 1895 746 1948 cst.

232 1995 340 2054 Eadem
356 1995 478 2056 Carolus
492 2013 511 2055 a
525 1995 668 2071 stockem,
684 1995 802 2054 comites
816 1994 943 2055 loannes
957 2000 988 2053 et
998 1993 1131 2053 Eubulus
1145 1989 1252 2053 naues
1264 2001 1309 2047 rae

204 2116 264 2158 ere.

144 2107 204 2173 90¹³
234 2203 457 2278 christophorus
477 2204 536 2278 dur
555 2220 574 2262 a
589 2205 773 2279 wirtenberg
794 2206 905 2278 equites
923 2204 1035 2278 aliquot
1053 2203 1190 2276 Angusta
1202 2200 1307 2271 ablega·

146 2308 196 2381 m't,
213 2325 269 2381 quo
284 2308 367 2368 nohis
382 2309 493 2366 coetcris
507 2309 553 2366 hic
567 2325 676 2369 moram
691 2310 879 2383 nectentibus,
894 2314 928 2368 ut
941 2308 998 2369 dici
1011 2308 1094 2380 solet,
1110 2307 1216 2366 solatio
1230 2308 1305 2365 erut

146 2412 200 2485 Qui
214 2413 347 2488 respicis,
371 2413 465 2488 Deus,
488 2429 601 2473 cansam
616 2411 715 2474 afflicti
730 2422 761 2476 ct
773 2417 882 2491 inopis,
903 2429 941 2473 ne
955 2419 1071 2474 tuorum
1085 2412 1262 2471 obliviscaris
1280 2408 1304 2465 in

145 2516 247 2578 fincml

234 2624 268 2681 ln
281 2625 428 2684 mansione
444 2625 531 2699 Viglii
547 2624 704 2684 Zweichem
719 2625 823 2699 parieti
839 2624 995 2698 ascriptum
1007 2623 1143 2697 legimns:
1158 2621 1236 2682 Ilien
1248 2630 1304 2678 noa
1334 2710 1336 2715 Ι

147 2729 244 2802 espoir
258 2736 288 2787 et
302 2727 424 2789 conlort.

235 2833 299 2891 lam
318 2835 400 2907 quasi
419 2851 471 2909 per
494 2835 644 2894 contirmos
666 2833 777 2908 aliquot
799 2833 861 2895 dies
881 2833 1027 2908 principes
1048 2832 1172 2892 concilis
1185 2829 1303 2903 nomo

146 2939 258 2996 tarunt!

235 3059 291 3100 xxv
313 3044 385 3116 Maji
405 3043 534 3102 dominns
553 3043 680 3103 loannes
701 3044 843 3103 chricus
862 3044 926 3103 loco
948 3049 977 3102 et
997 3043 1071 3102 hora
1088 3041 1235 3102 consuetis
1251 3045 1300 3098 tn·

146 3152 207 3206 tum
221 3148 349 3222 epistola
364 3148 448 3206 Pauli
461 3147 500 3206 ad
514 3148 658 3207 Romanos
674 3165 710 3206 ex
724 3165 786 3223 cap.
807 3152 845 3208 13
866 3152 1033 3223 prosecutus
1052 3152 1110 3206 est:
1132 3147 1207 3221 «Qui
1220 3150 1300 3207 cett·

147 3254 222 3326 patri
237 3254 407 3326 restiterint,
431 3254 485 3312 sibi
504 3253 574 3327 ipsis
591 3254 730 3325 judicium
750 3255 899 3327 accipient.
930 3253 1006 3311 Nam
1024 3252 1172 3327 principes
1185 3254 1298 3311 uonur
1328 3332 1331 3337 Ι

148 3357 207 3413 rori
222 3362 289 3414 sunt
303 3357 375 3415 bene
389 3358 549 3431 agentibus
573 3357 624 3416 scd
639 3359 721 3418 male.
753 3361 804 3420 Vis
823 3365 918 3418 autem
937 3372 994 3416 non
1008 3358 1112 3416 timere
1126 3345 1299 3431 potumi

148 3459 231 3532 Quod
245 3459 350 3519 bonum
364 3470 408 3520 est
421 3461 518 3536 facito,
534 3469 563 3521 et
577 3461 652 3521 feres
670 3464 784 3522 landem
803 3464 841 3523 ab
859 3464 919 3522 illa
949 3462 1004 3522 Dei
1024 3462 1102 3520 enim
1120 3462 1249 3521 minister
1260 3451 1299 3515 h'l‘

148 3566 178 3623 in
192 3565 305 3624 bonnm.
337 3567 419 3639 Quod
433 3569 458 3626 si
472 3567 575 3626 feceris
589 3568 620 3626 id
636 3568 713 3641 quod
728 3569 833 3628 malum
850 3573 905 3643 est,
927 3569 1005 3626 time.
1035 3567 1105 3627 Non
1119 3569 1197 3627 enirn
1209 3565 1297 3625 irritu

148 3669 273 3744 gladium
287 3680 389 3746 gestat.
421 3674 495 3731 Nam
510 3672 566 3730 Dei
581 3674 777 3746 miserest,
801 3675 877 3732 ultor
892 3673 931 3732 ad
949 3672 1021 3732 ham
1036 3672 1064 3731 ei
1083 3672 1144 3747 qni,
1165 3667 1240 3745 qnod
1251 3676 1295 3725 Ι*

147 3775 206 3833 lum
220 3784 273 3849 eet,
297 3776 406 3837 iecerit.
437 3778 619 3852 Quapropter
639 3785 753 3852 oportet
772 3795 834 3837 esse
849 3779 987 3851 subditos,
1009 3792 1067 3835 non
1086 3778 1181 3837 solnm
1199 3772 1295 3851 propi!

148 3885 234 3955 bam,
258 3884 464 3942 verumetiam
486 3887 605 3956 propter
627 3885 859 3943 conscientiam«
899 3883 981 3942 Fecit
1000 3886 1097 3943 auwm
1119 3883 1233 3942 brem
1249 3862 1294 3935 Η

148 3986 287 4046 dictorum
308 3987 582 4060 recapitulationem.
620 3988 730 4048 Deinde
750 3988 786 4048 dc
806 3990 929 4049 utilitate
949 3988 1117 4063 potestatis,
1141 3984 1293 4060 podsdu
1323 3996 1326 4001 '

149 4105 212 4147 cum
226 4095 264 4151 sit
283 4093 426 4152 ordinatio
445 4092 500 4153 Dei
519 4093 594 4152 bona
614 4093 697 4153 nohis
716 4095 746 4152 in
766 4094 880 4153 bonum.
919 4093 999 4153 Deus
1013 4093 1100 4166 enim,
1122 4092 1224 4167 inquit,
1243 4074 1291 4145 ndi
