2678 4546
635 53 702 136 20⁴

173 239 317 300 loannem
337 237 421 298 nobis
442 253 460 297 n
484 236 604 312 pedibus
626 235 784 297 Schonstad
807 241 873 312 post
892 240 1007 309 tergum
1021 235 1152 311 reliquit,
1167 235 1209 308 qui

86 346 150 420 ipae
164 344 277 403 litteras
293 359 309 401 c
324 345 419 418 patria
434 348 533 401 nostra
547 341 651 402 adfert.
682 340 753 401 nun
763 341 816 403 der
831 341 935 402 Donau
950 358 987 400 zu
1001 340 1111 401 Werdt
1131 341 1193 400 Hat
1205 357 1209 399 1

84 448 156 509 Gott
169 454 239 523 gute
252 454 377 508 antuort
390 446 531 507 bescbert.

175 570 230 611 xxv
250 553 329 613 Junii
344 553 462 612 Werdae
481 555 558 614 intra
579 554 708 626 quintam
730 558 759 611 ct
785 557 896 612 sextam
919 552 1006 610 horas
1028 549 1107 609 idem
1129 551 1209 623 quil

85 666 152 720 aute
167 659 314 718 meridiem
329 659 560 732 concionabatur,
577 675 613 716 ex
627 675 688 731 cap.
708 650 728 716 6'
742 658 829 717 Lucae
845 659 906 716 haec
920 656 1010 717 uerba
1024 655 1109 729 legit:
1127 656 1209 714 »Ver

85 768 190 839 tamen,
206 765 257 824 Vae
273 764 353 823 vobis
370 764 519 837 divitibus,
536 765 584 838 qui
599 763 711 823 habetis
725 764 949 823 consolationem
964 766 1104 835 uestrum,
1121 777 1165 821 va
1180 777 1209 820 vc

86 870 136 942 qui
149 870 269 929 saturati
285 870 363 942 estis,
380 869 447 942 quia
463 869 609 941 esurietis,
633 886 675 926 vae
692 870 786 943 vobis,
809 870 859 941 qui
872 867 976 927 ridetis
991 882 1076 940 nnnc,
1093 867 1164 940 quia
1177 867 1209 925 lu

84 976 152 1035 bitis
168 979 197 1033 ct
211 973 325 1046 flebitis,
341 990 384 1032 vae
399 975 495 1048 vobis,
512 990 575 1032 cum
590 974 775 1034 laudaverint
787 991 838 1033 vos
854 989 952 1032 omnes
967 972 1107 1031 homiues.
1148 971 1209 1032 Secu

84 1079 151 1140 dum
172 1081 233 1139 haee
248 1081 323 1139 enim
338 1077 483 1139 faciebant
497 1079 755 1154 pseudoprophetis
771 1086 869 1154 putres
885 1095 1003 1139 eorum«
1021 1083 1076 1137 etc.
1102 1079 1198 1152 Scitis,

86 1186 158 1258 quit,
174 1185 316 1259 duplicem
330 1200 412 1242 usum
428 1200 490 1243 esse
505 1201 651 1244 sacrarum
666 1185 837 1258 litterarum,
854 1190 904 1243 aut
918 1184 1062 1257 duplicem
1075 1199 1209 1256 earumc

85 1291 235 1350 rationem.
275 1289 391 1388 {rimus
411 1295 469 1363 est,
495 1297 527 1349 ut
546 1288 679 1348 facienda
701 1295 730 1349 et
749 1289 908 1350 omittenda
927 1290 1042 1363 doceat,
1068 1289 1190 1350 Roman.
1207 1295 1209 1344 1

87 1395 170 1454 Alter
184 1400 217 1452 ut
231 1400 355 1469 moneat,
372 1412 391 1453 a
405 1394 506 1467 quibus
522 1394 604 1454 nobis
620 1410 770 1453 caveamus
782 1399 835 1454 etc.
859 1394 903 1453 De
919 1393 1151 1469 praecedentibus
1165 1395 1209 1454 im

85 1499 227 1574 positione
242 1501 372 1573 proxima
387 1500 547 1574 audivistis,
564 1499 706 1572 quomodo
722 1501 877 1575 discipulos
898 1499 936 1559 ud
955 1501 1110 1576 instantem
1126 1515 1209 1574 persa

86 1606 192 1665 tionem
208 1603 341 1664 dominus
360 1606 566 1665 commonuerit
585 1611 615 1663 et
635 1605 840 1664 beatitudiuem
861 1607 934 1665 hanc
948 1608 1132 1680 paupertatis
1150 1619 1208 1665 non

85 1726 171 1784 opum
186 1712 323 1785 carentia,
340 1709 388 1769 sed
406 1711 442 1770 de
457 1711 574 1783 spiritus
589 1709 777 1768 submissione
792 1711 923 1785 intelligi.
948 1711 996 1769 Sic
1010 1727 1128 1783 quoque
1142 1711 1209 1769 hiat

88 1816 125 1876 dc
140 1818 208 1876 solis
224 1815 359 1876 divitibus
377 1817 461 1889 J'usta
481 1832 584 1874 nomen
607 1816 746 1889 loquitur,
769 1815 820 1874 sed
840 1823 869 1875 et
891 1817 927 1875 de
950 1816 1059 1874 securis
1083 1821 1209 1890 ctsnpoe

86 1922 189 1996 spiritu
204 1927 258 1981 etc.
283 1921 341 1980 Sed
357 1921 512 1992 videamus,
529 1921 630 1994 inquit,
646 1921 708 1979 haec
723 1927 855 1995 quatuor.
887 1922 1016 1981 Primum
1033 1937 1075 1979 voe
1090 1918 1209 1981 vobisdi

85 2026 171 2086 tibus.
195 2026 305 2086 Vocula
320 2043 373 2100 va,
391 2025 506 2085 evidens
522 2042 713 2085 erumnarum
729 2033 759 2085 et
773 2026 943 2100 perditionis
958 2027 1141 2086 comminatio
1156 2029 1209 2101 eat,

85 2132 192 2205 passim
216 2133 246 2190 iu
266 2133 415 2206 scripturis
435 2131 533 2191 videre
555 2131 622 2190 licet
641 2139 695 2191 etc.
735 2133 809 2205 Quia
828 2132 875 2190 hio
893 2133 1119 2191 consolationem
1134 2133 1209 2191 vesta

86 2235 199 2294 habetis
214 2241 268 2294 etc.
293 2236 359 2293 Non
375 2236 450 2309 quod
466 2253 528 2295 esse
544 2236 660 2295 divitem
676 2245 825 2311 peccatum
840 2238 886 2310 sit,
909 2254 973 2296 cum
988 2238 1071 2295 multi
1085 2235 1209 2313 patrimi

86 2340 242 2414 Abraham,
258 2341 349 2413 Isaac,
366 2341 442 2399 Hiob
458 2356 582 2401 necnon
598 2351 627 2399 et
643 2341 717 2401 Loth
742 2343 857 2401 divitias
872 2341 1070 2415 possederunt,
1109 2340 1159 2400 sed
1180 2355 1209 2415 qu

87 2446 190 2506 divites
206 2448 300 2506 animo
316 2447 384 2505 clati
400 2446 490 2505 solum
505 2463 671 2505 mammonae
696 2447 875 2506 adherentes
891 2455 920 2506 et
935 2447 1017 2506 donis
1031 2447 1077 2505 dei
1091 2447 1209 2507 abutum

87 2552 224 2628 neglectis
242 2552 328 2611 verbo
352 2553 398 2611 dei
415 2559 443 2611 et
458 2554 641 2626 pauperibus,
665 2559 695 2611 et
717 2569 845 2611 normam
861 2551 997 2611 Davidis:
1023 2551 1159 2611 »Divitia
1172 2548 1209 2610 uit

86 2658 189 2731 fluunt,
206 2659 293 2717 nolite
309 2674 358 2716 oon
373 2674 550 2732 apponere«,
567 2674 624 2715 non
640 2664 807 2730 sequuntur.
840 2659 915 2716 Nam
929 2657 975 2717 hae
991 2663 1058 2716 sunt
1072 2657 1169 2730 spina,

88 2764 219 2822 dominus
234 2763 306 2822 dixit
321 2761 459 2821 suffocare
475 2778 580 2836 semen,
598 2778 633 2820 ne
648 2766 795 2822 exoriatur·
815 2770 845 2822 et
865 2763 988 2822 fructum
1003 2761 1086 2820 ierat.
1126 2761 1163 2820 Et

86 2868 153 2926 liter
176 2867 305 2925 dominns
326 2868 381 2941 ait,
411 2867 523 2926 facilius
550 2885 611 2926 esse
636 2870 774 2926 carnelum
800 2869 1006 2946 perforamen
1031 2885 1098 2928 acus

87 2988 172 3044 quam
188 2971 304 3029 divitem
320 2974 350 3028 iu
365 2987 485 3044 regnum
500 2974 637 3031 coelorum
653 2975 771 3032 intrare.
795 2975 911 3034 Habent
925 2983 1020 3035 autem
1038 2977 1140 3035 dirius

87 3094 168 3136 suum
184 3084 212 3136 ct
228 3076 381 3136 amicorum
396 3078 604 3138 multitudinem
620 3086 673 3137 etc.
714 3080 883 3139 Veientibus
904 3087 1000 3139 autem
1020 3080 1102 3141 uobis
1124 3096 1166 3154 aa,

86 3186 115 3242 iu
135 3184 273 3242 memoria
295 3183 478 3257 tenebamus,
502 3184 547 3240 hic
567 3185 724 3257 ascribere,
747 3187 825 3243 venit
840 3186 968 3244 loannes
984 3185 1137 3246 Galacteus
1205 3178 1209 3216 ³

85 3289 163 3362 quod
178 3305 243 3347 mox
258 3305 276 3347 a
291 3290 427 3347 concione
443 3289 617 3347 Werdenses
633 3288 881 3349 concionatoribus
897 3291 954 3347 suis
971 3293 1081 3362 gratias

86 3393 199 3452 ueniam
215 3391 338 3451 abeundi
355 3395 557 3452 concesserint.
597 3394 620 3452 0
637 3396 720 3452 trista
735 3401 765 3452 et
779 3393 911 3452 omnibus
930 3395 1034 3454 seculis
1050 3396 1135 3470 deplo
1175 3378 1181 3391 ⁸
1201 3378 1202 3385 ἵ

87 3497 232 3558 nuncium!
271 3499 331 3572 Va,
348 3516 400 3571 vae,
417 3516 460 3557 vae
475 3501 614 3573 omnibus,
631 3500 680 3572 qui
695 3499 796 3557 horum
811 3501 996 3558 consiliorum
1011 3502 1163 3575 participas

86 3608 115 3663 et
131 3602 235 3662 bonum
251 3604 416 3678 miliduoc,
434 3605 511 3677 quod
527 3604 597 3663 deus
617 3609 788 3677 postremam
805 3605 890 3675 hujus
909 3605 964 3662 riri
977 3607 1143 3665 concionem
1198 3644 1209 3651 -

85 3710 205 3783 largitus
221 3710 267 3767 sit.
291 3709 337 3768 En
352 3711 450 3768 vocavi
465 3710 608 3769 bominem
623 3709 660 3768 ad
671 3709 833 3783 prandium.
858 3711 896 3768 Et
911 3711 987 3768 inter
1001 3711 1121 3771 concion

85 3819 167 3873 sexta
181 3812 263 3873 finita
278 3821 350 3886 erat,
375 3818 405 3873 et
419 3814 595 3874 undecimam
610 3814 673 3872 haec
688 3815 870 3874 intercidunt.
896 3816 1095 3887 sperabantur
1109 3802 1209 3877 aut&=

85 3935 172 3977 manu
188 3917 295 3977 domini
309 3919 438 3977 meliora.
462 3919 559 3978 Bonus
574 3919 620 3976 bio
635 3928 664 3978 et
679 3919 789 3992 doctus,
809 3920 890 3993 quasi
905 3920 1017 3978 animus
1033 3919 1102 3993 quid
1118 3898 1209 3994 effi

85 4025 264 4097 presagiret
281 4025 356 4084 iuter
372 4024 596 4083 concionandum
613 4025 694 4096 dixit,
710 4023 813 4082 divites
828 4026 924 4083 omnia
938 4021 976 4082 ad
991 4041 1071 4099 opes,
1095 4018 1209 4103 rol*

87 4132 117 4185 et
132 4143 234 4186 nomen
248 4129 353 4189 bonum
368 4129 428 4186 sive
443 4142 496 4201 per
510 4126 553 4220 tas
566 4129 627 4186 sive
642 4125 721 4187 netas
736 4127 969 4204 consequendum
984 4127 1116 4192 referunt
1128 4116 1209 4207 etsi
