2678 4546
624 52 670 119 4³

149 235 195 295 Ibi
208 239 291 297 certo
312 235 514 309 comperimus,
537 236 678 295 loannem
693 253 711 298 e
726 237 862 311 Hilchen,
886 239 936 312 qni
954 253 1020 298 cum
1039 251 1148 312 genero
1162 235 1235 297 Wil-

66 338 154 400 helmi
169 340 291 414 comitis,
306 341 409 401 comite
422 340 590 401 Hermanno
604 358 622 401 u
636 341 757 403 Nuencr
770 344 892 419 abierut,
914 345 974 402 sita
987 344 1152 403 excessisse.
1183 344 1237 418 Qui

60 447 190 505 loannes
203 445 358 507 Wilbclmu
373 445 479 519 sumiti,
494 444 571 519 quod
585 451 666 506 vetus
682 449 744 522 ejus
759 464 898 525 congerro
912 454 941 509 et
955 448 1110 508 multorum
1123 451 1236 522 pericu·

63 553 159 613 lorum
175 566 246 625 pace
261 550 346 610 simul
359 555 390 609 et
403 550 478 610 bellu
493 551 587 610 socius
602 554 663 625 ipse
678 551 775 629 fuerit,
790 561 854 614 erat
868 570 954 628 quam
968 553 1161 615 obesissimus.

153 657 234 716 Nutu
247 654 284 716 de
298 656 415 716 tibicine
430 660 460 716 et
472 656 644 716 marchionis
659 658 792 719 electoris
807 660 990 720 marschalco.

152 763 238 821 Anno
257 761 407 835 superiore
428 759 543 821 Caesure
566 764 597 822 in
618 763 745 824 Saxones
766 765 901 825 ductante
921 766 1076 825 exercitum
1092 766 1237 840 Hispanus

64 866 182 943 qnidam
200 867 246 943 (ut
259 872 306 926 cst
318 882 390 940 gem
404 868 577 940 turpissime
593 869 749 928 salacitutis
771 876 801 927 et
815 869 966 929 motabilis
980 867 1116 945 luxuriei)
1138 871 1239 931 rustici

66 989 189 1034 uxorem
209 977 358 1048 spectante
376 974 480 1032 merito
503 979 637 1048 stuprare
661 979 781 1034 conatus
802 981 855 1033 est.
895 976 976 1048 Quod
1000 975 1101 1034 videns
1116 975 1239 1035 rusticus

64 1085 184 1153 arrepto
201 1079 297 1139 nmciu
313 1093 370 1151 qno
385 1079 575 1138 instrumento
584 1079 743 1152 Hispanum
754 1076 882 1138 confodit
896 1081 1014 1154 seipse,
1030 1088 1062 1139 ut
1077 1086 1137 1139 tum
1151 1081 1237 1141 vesti-

65 1192 113 1246 tus
135 1188 213 1258 erat,
235 1200 310 1258 equo
332 1183 460 1243 insiliens
479 1183 590 1259 aufugit
609 1191 639 1244 et
660 1184 739 1245 adN
762 1187 892 1245 comitem
914 1187 1031 1245 veniens
1052 1184 1238 1247 infortunium

63 1308 151 1352 suum
165 1291 210 1349 illi
223 1290 362 1364 exposuit.
402 1288 505 1349 Comes
528 1288 617 1362 igitur
639 1291 739 1348 rustici
759 1292 891 1350 misertus
914 1295 943 1350 et
957 1290 1035 1364 qnod
1050 1291 1086 1351 de
1100 1293 1238 1366 pauperie

64 1414 119 1457 suu
133 1399 369 1469 conquereretur,
386 1398 537 1453 coronatus
552 1400 676 1467 quotuor
691 1395 734 1453 illi
743 1394 870 1469 donavit,
884 1395 998 1470 jubens,
1014 1398 1038 1456 si
1052 1402 1157 1472 posset,
1173 1397 1237 1471 plu·

63 1519 111 1563 res
125 1502 231 1562 horum
245 1501 411 1574 extirparet,
427 1503 503 1559 etse
517 1499 559 1558 illi
574 1500 763 1575 copiosiorem
784 1503 934 1574 pecuniam
949 1501 1093 1562 daturum.

154 1604 377 1679 DomineDens,
394 1605 528 1679 quoniam
542 1621 625 1667 nemo
640 1606 803 1665 mortalium
818 1608 876 1665 suis
886 1606 1020 1680 operibns
1035 1608 1155 1669 salntem
1170 1622 1237 1668 uun·

64 1713 150 1788 sequi
165 1717 271 1786 puteat,
285 1715 316 1771 tc
328 1709 525 1784 deprecamur,
542 1726 609 1770 creo
622 1710 758 1771 mnndum
772 1728 823 1770 cur
837 1713 991 1772 inviscera
1001 1717 1101 1772 nostru
1116 1719 1146 1773 et
1158 1712 1238 1786 prin·

66 1818 155 1892 cipuli
169 1817 276 1890 spiritu
289 1832 342 1875 nos
356 1814 502 1889 confirma,
519 1820 551 1874 ut
565 1817 606 1874 sic
620 1818 651 1874 in
665 1821 695 1875 te
704 1833 804 1890 pucem
819 1817 975 1876 habeamus
990 1818 1020 1875 in
1033 1814 1093 1876 filio
1106 1823 1158 1876 tuo
1167 1817 1239 1877 lesu

65 1929 95 1984 et
110 1939 176 1998 qum
193 1921 248 1981 tibi
261 1921 367 1994 plucita
381 1926 458 1993 snut,
479 1919 632 1994 edjuvunte
648 1939 701 1982 nos
715 1924 818 1995 spiritu
832 1928 882 1981 tuo
897 1921 982 1994 bono,
1002 1937 1115 1994 semper
1129 1923 1237 1996 cogite·

64 2046 138 2089 mus.
180 2027 237 2100 Qui
257 2027 330 2087 viris
349 2032 379 2085 et
397 2041 501 2101 regnos
522 2026 602 2087 Deus
621 2044 695 2086 unns
714 2032 745 2087 et
765 2027 857 2087 trinus
881 2027 911 2085 in
936 2027 1110 2099 sempiterna
1131 2027 1237 2087 secula.

64 2134 167 2193 Amen

153 2238 224 2297 xxix
238 2235 355 2311 Aprilis,
371 2250 436 2309 qum
449 2233 505 2294 init
519 2234 662 2295 dominica
676 2240 800 2310 cantate,
815 2236 998 2297 inliinorum
1013 2236 1120 2311 templo
1135 2235 1239 2296 divinis

68 2341 256 2416 interfuimus,
271 2342 321 2401 nbi
334 2343 427 2415 primu
437 2341 589 2414 praelector
598 2346 683 2415 ceput
695 2341 848 2401 14Mattb.
860 2344 1004 2416 integrum
1012 2343 1119 2418 populo
1130 2358 1167 2402 ex
1180 2356 1240 2403 um·

70 2447 141 2509 bunc
154 2448 230 2522 legit
248 2443 291 2507 ac
301 2444 508 2506 confessionem
521 2444 664 2519 publicam
687 2452 717 2505 et
734 2447 947 2505 obsecrationes
961 2446 1058 2506 iacere
1076 2446 1169 2520 jussit
1185 2447 1240 2507 His

73 2555 191 2626 peractis
199 2552 227 2615 d
236 2552 407 2624 Leonardus
415 2551 482 2610 huic
489 2553 521 2611 in
531 2555 669 2625 suggestu
683 2550 818 2624 succedit,
833 2552 882 2623 qni
896 2552 1030 2610 invocata
1044 2551 1133 2610 divini
1147 2551 1239 2609 numi-

76 2658 114 2719 nis
131 2674 190 2732 ope
211 2674 249 2719 ex
262 2659 356 2732 cupite
370 2656 498 2717 secundo
512 2656 644 2721 Matthaei
660 2655 759 2732 (quem
773 2656 977 2729 evangelistam
1000 2654 1074 2715 idem
1096 2672 1150 2729 pro
1163 2654 1241 2715 urdi-

79 2765 156 2825 nsria
175 2762 315 2825 concione
335 2758 434 2836 babet)
458 2762 529 2836 legit
549 2760 612 2819 baec
632 2759 734 2819 verba:
758 2757 900 2819 Defuncto
922 2764 1017 2819 autem
1035 2759 1152 2820 Herode
1176 2775 1241 2819 ecce

77 2869 189 2944 angelus
205 2866 313 2928 domini
326 2866 358 2925 in
372 2866 489 2925 somniis
504 2881 648 2940 apperens
658 2866 784 2938 Josepho
800 2866 830 2924 in
839 2865 981 2939 Aegypto,
997 2880 1088 2940 usqne
1103 2866 1142 2925 ad
1155 2864 1240 2924 finem

76 2973 178 3046 opius
209 2970 322 3031 Deinde
343 2970 415 3031 adeo
430 2972 489 3029 suis
509 2971 652 3030 coloribus
667 2969 813 3029 Herodem
833 2969 975 3045 depingit,
998 2970 1075 3043 quud
1088 2968 1176 3029 fuerit
1189 2986 1241 3030 rex

76 3076 171 3139 atbeos
193 3082 393 3151 tyrannusque
411 3077 686 3149 truculentissimus,
711 3079 811 3148 utpote
825 3075 875 3148 qui
889 3072 1058 3133 infanticida
1072 3089 1125 3132 nec
1147 3073 1241 3147 puello

75 3178 129 3242 ilio
151 3181 271 3256 propriu
292 3183 469 3256 pepercerit,
492 3181 542 3254 qui
562 3180 757 3239 Alexandrum
777 3186 807 3239 et
819 3178 1015 3238 Aristobulnm
1034 3177 1108 3238 filius
1122 3193 1240 3253 suspen-

73 3284 116 3347 dio
128 3288 219 3346 vitum
233 3284 318 3346 finire
339 3285 483 3359 adegerit,
507 3287 558 3357 qui
582 3301 692 3345 omnem
708 3286 827 3359 stirpem
842 3285 1001 3344 davidicum
1016 3283 1152 3343 radicitus
1165 3298 1240 3360 pruc-

72 3396 113 3453 ter
125 3407 236 3467 paucus
250 3391 379 3464 reliquos
394 3391 541 3464 extirpare
556 3391 710 3463 sategerit,
744 3390 782 3449 ad
796 3391 858 3448 hoec
873 3395 1004 3449 senatum
1018 3389 1167 3463 sinderim,
1187 3389 1242 3449 hoc

72 3502 113 3557 est
130 3497 317 3574 septuaginta
338 3496 483 3556 seniorum
504 3510 556 3570 per
579 3495 748 3554 occisionem
764 3494 923 3554 abstulerit.
963 3496 1034 3554 item
1059 3493 1137 3569 quod
1159 3495 1242 3554 annis

72 3602 164 3676 xxxvij
179 3600 291 3661 Judaen
305 3599 463 3676 prefuerit,
480 3602 628 3660 remittens
644 3616 697 3659 nos
712 3598 748 3659 de
762 3599 807 3659 his
822 3600 907 3660 rebus
923 3601 960 3659 ud
969 3599 1136 3673 losephum,
1151 3600 1241 3659 Euse-

74 3705 153 3783 bium,
169 3708 324 3781 Josippnm
340 3706 567 3780 etAegesippum
578 3710 631 3765 etc.
654 3705 922 3766 lussitLeonardus
936 3707 965 3765 in
981 3705 1035 3764 hoc
1050 3703 1165 3764 Herode
1180 3704 1241 3763 lon·

77 3814 265 3886 pumimmm
279 3811 475 3886 benignissimi
491 3810 538 3871 dei
552 3809 743 3883 considerare,
760 3811 809 3883 qui
824 3816 904 3871 tanto
919 3816 1048 3884 tempure
1063 3805 1244 3882 tyrannidem

79 3919 188 3979 suminis
202 3916 291 3991 hujus
306 3916 414 3989 tulerit,
431 3921 461 3976 et
476 3913 553 3988 quod
569 3914 639 3974 deus
654 3914 853 3988 peccatoribus
868 3916 1044 3988 poenitentioe
1067 3913 1160 3971 iocum
1173 3927 1241 3970 con·

81 4024 162 4085 suot.
187 4022 273 4081 Dixit
285 4022 355 4081 item
371 4021 407 4081 de
421 4036 561 4094 prospero
577 4036 710 4080 successu
725 4020 858 4094 Herodis,
883 4019 991 4078 scilicet
1013 4016 1062 4089 qni
1077 4014 1185 4075 Goesari
1197 4031 1244 4076 uc·

83 4130 256 4205 eptisuimus
276 4124 367 4201 iuret,
393 4125 551 4201 pborisaeos
571 4131 602 4187 et
619 4123 767 4200 pontifices
788 4125 843 4185 sibi
861 4122 990 4186 foventes
1009 4121 1138 4194 moereo,
1162 4127 1245 4184 ceute
