2678 4546
692 39 739 99 42

130 221 306 296 jentaculum
321 219 504 294 sumpsimus,
535 230 599 276 oum
626 215 720 274 missa
739 229 872 274 caesarea
893 213 1033 274 interesse
1052 212 1143 275 vehet
1164 219 1196 274 et
1217 214 1303 274 arohi-

132 329 299 403 episcopum
313 325 513 386 Coloniensem
526 320 648 396 prandio
664 326 836 393 excepturus
852 322 936 394 esset,
959 334 1024 378 curn
1038 314 1097 394 qu'o
1113 323 1144 379 et
1159 318 1198 379 de
1211 325 1304 380 nmtra

132 446 221 492 cansa
234 436 351 491 acturus
367 434 438 490 erat.

220 534 384 609 Aprandio
408 532 513 594 iratres
536 538 566 592 et
589 546 642 606 ego
662 546 722 590 una
747 529 827 588 urbis
845 530 953 589 moenia
972 529 1220 606 obequitaoimus,
1243 546 1302 591 nam

135 640 252 702 Samuel
266 639 345 713 apud
359 640 491 700 comitem
506 635 691 698 Wilhelmum
706 651 828 708 pransos
843 639 895 694 ost.

219 745 331 804 Eadem
345 744 483 803 tumultus
497 741 629 801 militaris
643 741 683 800 ad
697 738 818 799 macella
832 745 951 799 exortus
966 745 1020 799 est.
1058 738 1136 800 Nam
1150 738 1221 801 dum
1235 740 1302 800 Iben'

133 849 283 912 Germanis
292 865 394 910 carnes
400 850 557 923 praeripere
566 849 688 919 tentant,
698 846 827 905 laniones
835 844 985 905 Germanis
994 845 1102 905 auxilio
1110 843 1196 906 fiunt
1211 846 1300 907 Utrin

124 956 188 1032 ‘que
208 961 239 1016 et
258 961 377 1028 accepta
397 959 427 1012 et
448 952 518 1011 data
538 954 605 1009 sunt
619 951 754 1023 vulnera,
770 930 907 1010 Germani
927 956 1024 1010 tamon
1041 948 1113 1010 lacti
1135 952 1299 1026 superiores.

131 1062 209 1123 Iberi
223 1062 335 1134 aliquot
350 1058 389 1118 ad
398 1061 617 1129 mortemusque
626 1055 745 1114 sauciati
760 1070 823 1114 esse
839 1053 981 1114 dicuntur.

220 1164 332 1224 Eadem
346 1177 399 1236 per
413 1160 564 1221 Nicolaum
582 1157 694 1220 Gallum
710 1158 932 1219 Monaeteriensi
951 1175 970 1220 a
983 1156 1106 1233 pedibus
1120 1160 1169 1221 'sd
1190 1159 1299 1220 eunden

132 1269 286 1346 praesulem
300 1267 527 1342 perscripsimus.

221 1373 344 1434 Volebat
367 1377 398 1433 et
418 1371 552 1431 Hoiensis
573 1371 745 1429 secretarius
768 1368 869 1428 eadem
882 1369 1015 1444 Augusta
1029 1368 1192 1446 discedere,
1208 1368 1298 1431 sedoh

135 1479 329 1541 morositatem
345 1476 548 1536 examinatoris
563 1475 679 1533 testium
694 1479 855 1534 remoratus
870 1481 923 1535 est.

222 1581 269 1642 Ad
290 1583 420 1655 quintam
440 1582 470 1639 in
493 1580 618 1652 hospitio
641 1580 754 1640 comitis
774 1577 920 1639 Wilhelmi
942 1576 1095 1654 adfuimus,
1117 1579 1170 1641 uhi
1190 1579 1297 1642 durnin
1322 1614 1325 1619 ·

133 1689 218 1750 horto
239 1702 338 1746 mensa
358 1686 497 1746 sternitur
517 1688 626 1758 preter
645 1683 872 1758 expectationem
892 1685 1003 1769 comitis
1026 1699 1134 1745 uenere
1156 1682 1296 1746 comesti
1320 1672 1328 1755 ξι

131 1795 288 1856 Eberstein
303 1790 394 1852 frater
416 1789 518 1850 Lusoae
535 1795 565 1850 et
582 1786 658 1847 filins
674 1790 736 1860 ejus
755 1804 850 1848 comes
865 1805 884 1848 a
897 1788 1055 1848 Wertheim
1077 1790 1181 1851 unicus
1193 1789 1297 1851 filiusct
1319 1778 1328 1849 ¹:

133 1899 290 1961 avonculus
315 1902 424 1958 noster.
462 1896 534 1954 Item
551 1894 651 1967 junior
675 1892 711 1952 de
726 1892 915 1967 Papenheim,
937 1893 1108 1954 Franciscus
1124 1893 1295 1957 Corradusa
1318 1894 1321 1901 '

137 2002 306 2075 otelingen,
330 1999 471 2074 Georgius
487 1997 577 2073 Spedt
592 2003 622 2057 et
635 1998 710 2057 alter
725 1997 826 2071 Spodt,
848 1999 916 2058 item
937 1999 1068 2059 dominus
1089 1999 1127 2060 de
1147 2000 1295 2076 Zeltingeu,
1316 2074 1320 2081 Ι

134 2106 268 2167 dustrius
284 2110 313 2167 et
327 2105 436 2164 aulicus
452 2104 641 2176 imperatoris,
659 2102 779 2161 Carolus
795 2118 813 2161 a
829 2102 979 2177 Stockem,
1000 2102 1158 2178 praefectus
1172 2106 1204 2166 in
1219 2103 1295 2166 wa
1316 2088 1329 2175 l

135 2211 218 2284 burg,
234 2214 265 2268 et
278 2210 361 2267 Vltus
375 2207 548 2279 Volbrugge,
564 2211 695 2279 satrapas
710 2207 741 2264 in
756 2206 896 2267 Viandea.
1320 2278 1323 2283 Ι

223 2313 294 2373 Risu
309 2311 438 2386 dignam,
464 2308 541 2384 quod
561 2312 628 2370 dum
648 2310 746 2370 Caesar
763 2326 816 2386 per
831 2311 963 2373 Rhenum
983 2313 1098 2387 nauigio
1112 2320 1215 2375 vectus
1229 2315 1298 2375 Nan
1320 2300 1329 2369 'r

134 2395 257 2479 stadium
272 2417 448 2491 praeterlegis
462 2421 492 2476 et
507 2414 657 2476 conradus
677 2416 849 2475 Franciscus
868 2434 887 2477 a
902 2416 1056 2491 Siolringen
1076 2418 1173 2492 ipsam
1187 2416 1300 2493 prandio
1327 2440 1329 2447 ·

135 2525 266 2599 excipere
282 2524 377 2595 vehet,
393 2528 422 2580 et
436 2522 592 2580 matutinas
611 2520 698 2580 horas
718 2536 780 2579 oum
795 2523 895 2580 aulicis
914 2522 1034 2597 aliquot,
1054 2524 1104 2596 qui
1126 2530 1198 2586 ante
1213 2524 1300 2585 Coss·

133 2644 194 2689 rem
216 2644 251 2688 eo
271 2627 496 2700 adnavigarent,
527 2625 678 2685 liberalius
702 2631 831 2697 potasset
850 2641 885 2685 ac
905 2627 1000 2687 subito
1023 2627 1150 2688 Caesaris
1165 2630 1299 2691 muschus

134 2733 176 2791 illi
191 2733 384 2804 nuntiaretur,
398 2746 452 2789 nec
466 2746 524 2788 non
539 2728 680 2788 Caesarem
695 2736 775 2790 recta
781 2731 972 2792 Nanstadium
986 2735 1299 2810 praeternavigatnrnm.

134 2835 198 2894 Hoc
217 2837 322 2894 nuncio
338 2832 508 2894 chunradus
523 2833 692 2893 Francisous
707 2841 824 2910 accepto
846 2832 968 2896 festinus
991 2837 1028 2897 ad
1046 2839 1165 2913 navigia
1187 2837 1299 2900 camus

135 2945 281 3015 properat,
303 2954 388 3011 quam
408 2937 564 2997 humillime
589 2944 684 3011 potest
700 2939 860 3000 Caesaream
875 2944 1054 3015 majestatem
1069 2959 1106 3003 ne
1121 2944 1203 3017 apud
1215 2944 1298 3019 ipson

134 3044 277 3118 prandere
293 3048 507 3117 aspernaretur,
525 3042 693 3115 deprecatus
708 3050 761 3103 est.
800 3046 839 3104 At
854 3046 961 3121 Caesar,
984 3048 1169 3122 gravioribus
1189 3062 1298 3123 occupa·

132 3155 189 3223 tus,
205 3150 235 3209 id
249 3165 281 3208 se
295 3147 380 3207 modo
393 3146 489 3206 locere
505 3163 588 3221 posse
603 3149 704 3208 abnuit
718 3165 753 3209 ao
767 3148 952 3211 humanitatis
967 3168 1036 3226 ergo
1046 3153 1296 3215 Franciseoclnn

133 3255 205 3315 rado
221 3255 369 3313 dexteram
394 3250 525 3325 praebuit.
565 3253 718 3328 Siekingen
732 3255 821 3327 igitur
835 3257 902 3315 vino
917 3273 1045 3316 amorem
1056 3259 1186 3333 jungens
1200 3256 1296 3321 &aad

134 3374 250 3417 manum
270 3357 370 3417 durius
389 3359 501 3431 premit.
548 3358 663 3420 Caesare
685 3361 799 3420 volente
823 3360 970 3420 dextoram
995 3364 1147 3424 retrahere
1172 3381 1209 3426 ao
1227 3365 1295 3426 etin

134 3464 250 3522 conanti
273 3461 424 3536 Sioldngen
444 3460 547 3523 fortius
566 3466 684 3538 premit,
708 3481 827 3538 sperans
847 3483 878 3526 se
902 3483 986 3539 posse
1006 3467 1142 3541 precibus
1162 3468 1294 3530 Oaesmn

134 3569 268 3627 retinere.
307 3567 346 3625 Et
368 3582 431 3627 oum
453 3567 494 3626 sio
508 3569 684 3643 aliquamdiu
703 3571 779 3628 inter
802 3569 854 3630 hos
874 3578 1033 3646 pugnatum
1047 3579 1126 3633 esset
1140 3589 1177 3633 ao
1190 3572 1294 3636 anon
1318 3620 1331 3635 ,

133 3671 231 3733 Cesar
247 3679 407 3747 susceptum
423 3675 479 3733 iter
493 3681 732 3748 prosequeretur,
754 3675 851 3734 Caesar
866 3677 1042 3751 principibus
1062 3684 1167 3752 postea
1180 3688 1291 3753 cond*
1304 3706 1331 3745 a

132 3785 194 3839 stas
218 3785 275 3852 est,
301 3795 332 3837 se
355 3794 390 3838 ex
413 3781 562 3853 pressione
583 3797 685 3840 manos
705 3781 742 3841 ob
764 3780 923 3855 chiragram
941 3788 970 3841 et
989 3784 1148 3858 podagram
1163 3785 1292 3845 ornem
1307 3816 1331 3851 a·

131 3887 270 3945 maximos
284 3886 437 3957 pertulisse
452 3890 482 3944 et
496 3892 592 3944 tamen
607 3901 665 3944 non
680 3887 807 3958 potuisse
823 3886 976 3960 Siokingen
990 3887 1174 3962 pudeiacere.
1212 3886 1291 3961 Hah
1301 3918 1332 3957 ,ι

129 3990 189 4063 jooi
203 3995 234 4048 et
248 3988 345 4048 Caesar
368 3991 430 4062 ipse
449 3996 479 4048 et
494 3989 664 4048 Frauoiscus
679 3989 850 4052 chonradus
869 4002 975 4066 praeter
996 3995 1093 4066 plures
1107 3999 1138 4055 et
1151 3997 1258 4057 sumtus
1267 3992 1290 4051 d
1300 4022 1332 4067 2:

135 4093 263 4156 oculatos
278 4098 366 4157 testes
380 4098 613 4166 martyressunt
1299 4074 1303 4121 ³
