2678 4546
706 61 728 125 6

132 246 239 307 coenati
253 260 349 304 sumus
364 247 394 304 et
411 244 651 318 pernoctavimus.
682 242 737 302 Est
757 243 834 302 enim
848 241 998 316 Meininga
1013 239 1131 302 ditionis
1146 241 1297 304 henneber-

131 353 234 426 giacae,
258 351 326 409 olim
340 354 370 410 ιι
385 347 550 410 dioaeaeseos
565 354 595 408 et
609 349 727 408 dominii
740 347 959 422 herbipolensis.

221 456 269 530 viij
285 454 408 530 Aprilis,
432 471 496 527 quac
518 459 582 513 erat
602 454 744 520 dominica
765 451 1043 527 Quasimodogeniti,
1067 452 1224 513 Masfeldae
1245 469 1297 513 eon·

132 564 243 623 cionem
263 577 374 620 sacram
392 561 523 634 magistri
543 560 669 635 Philippi
689 558 862 618 ecclesiastae
883 559 968 617 aulici
988 557 1168 634 audivimus,
1194 562 1245 634 qui
1262 560 1297 636 pia

131 669 242 744 pariter
256 684 289 726 ac
305 667 389 726 docte
404 682 439 724 ex
454 667 547 740 capite
562 665 661 724 ultimo
676 664 798 724 loannis
815 662 850 723 de
865 662 1055 723 sollicitudine
1072 662 1183 723 Christi
1204 664 1296 726 domini

132 778 162 832 et
180 772 331 832 salvatoris
350 771 441 831 nostri
456 787 509 846 pro
525 772 584 830 suis
598 771 640 828 illi
655 768 819 843 fidentibus,
843 769 879 828 de
898 768 1080 843 ablegatione
1100 773 1295 844 apostolorum

133 877 169 937 de
183 883 327 952 potestate
348 876 525 936 remissionis
546 879 742 949 peccatum
765 875 835 934 item
856 875 887 933 in
910 891 1001 957 quem·
1014 892 1098 934 usum
1119 875 1247 938 historia
1264 893 1297 935 re

132 985 316 1044 surrectionis
338 982 488 1042 dominicae
507 985 590 1041 tauta
611 978 758 1054 diligentia
777 978 815 1038 ab
835 981 1095 1056 evangeliograpbo
1113 981 1233 1043 Joaunc
1246 997 1298 1043 cau

132 1091 240 1164 scripta
261 1089 307 1146 sit.
346 1087 488 1144 Nimirum
511 1101 567 1159 quo
591 1087 668 1144 omni
694 1084 891 1164 incredulitati
917 1087 1120 1147 renunciantes
1148 1105 1205 1163 per
1226 1086 1299 1148 fidon

134 1194 241 1253 christi
254 1196 375 1251 mortem
390 1191 637 1265 apprehendentes
653 1192 743 1266 ipsius
759 1191 867 1252 domini
881 1192 969 1266 nasci,
993 1192 1100 1268 vivere,
1123 1195 1203 1255 mori
1223 1199 1254 1254 et
1266 1208 1300 1252 re

132 1299 302 1371 surrexisse,
325 1301 454 1357 nostrum
471 1312 533 1355 esse
549 1301 627 1356 certo
642 1296 747 1355 certius
762 1296 920 1373 credamus,
944 1304 977 1358 ιιι
995 1299 1083 1359 uam
1099 1313 1301 1374 consequamur

132 1404 163 1462 in
178 1403 293 1463 Christo
308 1404 379 1463 Jesu
394 1408 544 1478 aeternam,
569 1402 675 1462 docuit.
706 1402 787 1462 Fiat!
816 1403 918 1462 Amen.

223 1507 379 1568 Consilium
393 1507 571 1568 dominorum
586 1524 605 1566 a
618 1506 796 1582 Henneberg
811 1506 959 1568 Wilhelmi
973 1508 1064 1582 patris
1078 1513 1109 1568 et
1123 1507 1248 1586 Georgii
1258 1510 1302 1571 Er·

134 1615 209 1675 nesti
222 1613 283 1690 filli,
307 1615 399 1688 primo
414 1615 471 1674 illis
492 1630 528 1673 ex
547 1630 580 1673 re
600 1618 631 1673 et
649 1614 896 1689 pernecessarium
914 1613 1015 1687 viden,
1038 1618 1071 1674 ut
1086 1630 1261 1689 pareremus
1273 1616 1302 1675 ci

133 1721 235 1781 talioni
250 1725 280 1780 et
293 1719 431 1780 mandato
447 1719 589 1794 Caesareo,
613 1735 671 1778 non
685 1736 771 1779 unam
786 1719 823 1779 ob
839 1736 963 1779 causam
993 1721 1067 1779 Item
1086 1720 1145 1779 illis
1167 1720 1263 1783 videri
1276 1737 1302 1782 ex

133 1828 178 1903 iis,
201 1843 265 1902 qnae
280 1827 337 1887 illis
352 1823 582 1899 ostendissemus,
605 1840 657 1884 nos
672 1822 788 1909 facilea
803 1824 885 1885 nobis
902 1825 1071 1901 depulsuros
1086 1824 1212 1899 objecta.

223 1932 332 1993 Contra
352 1932 514 1991 illusionem
539 1931 738 2006 episcoporum
764 1948 783 1990 a
805 1932 964 1992 trevirense
984 1936 1014 1991 et
1034 1928 1200 1994 coloniense
1222 1949 1301 1995 reme

135 2036 213 2098 diam
234 2034 305 2111 lore,
328 2041 361 2095 nt
380 2051 468 2096 causa
487 2035 526 2096 ad
545 2040 637 2096 status
652 2036 768 2112 imperii
780 2037 971 2098 examinanda
986 2043 1015 2098 et
1025 2036 1187 2111 judicanda
1201 2039 1299 2101 refera·

133 2148 192 2204 aur.
223 2142 270 2202 Sic
285 2142 360 2200 enim
376 2156 426 2200 eos
440 2157 501 2215 pra
516 2140 627 2216 pudore
642 2158 700 2201 non
721 2142 840 2217 audere,
864 2159 927 2217 qnae
947 2141 1024 2204 torte
1043 2144 1154 2204 occulte
1177 2147 1299 2209 sedente

133 2248 164 2306 in
178 2245 290 2305 insidiis
304 2243 481 2305 molirentur.
512 2245 585 2305 Item
599 2262 658 2305 non
672 2251 780 2321 prater
799 2263 862 2306 rem
877 2245 949 2322 lore,
973 2249 998 2306 si
1018 2248 1054 2308 dc
1072 2249 1214 2314 mandato
1228 2252 1298 2315 nobi

133 2368 192 2412 non
206 2352 350 2410 insinuata
366 2349 465 2410 Caesar
479 2350 585 2409 certior
599 2351 769 2412 redderetur
784 2353 820 2413 de
834 2354 1005 2414 alteratione
1019 2352 1106 2428 feudi,
1117 2357 1190 2429 quia
1205 2358 1295 2428 omnia

132 2474 197 2533 quaa
220 2457 444 2533 possideremus,
469 2456 616 2517 &aarum
636 2458 773 2531 principis
792 2457 908 2519 feudum
929 2461 1000 2533 sint,
1024 2477 1198 2535 rogaremus
1218 2463 1294 2524 Oeae

131 2580 203 2640 rem,
226 2570 260 2624 ut
274 2570 383 2625 uostrae
398 2563 568 2625 conditionis
583 2568 613 2624 et
627 2563 745 2625 honoris
760 2567 903 2626 rationem
917 2566 1024 2627 habere
1046 2566 1228 2642 muneratur.
1257 2568 1292 2631 δὴ
1329 2571 1339 2577 ’

130 2685 201 2730 vero
216 2669 315 2729 Caesar
329 2671 424 2729 acrius
438 2671 569 2744 instaret,
579 2671 700 2744 ipsemet
712 2671 803 2731 illaeso
819 2677 918 2732 nostm
935 2677 964 2732 et
975 2674 1139 2747 iuramento
1154 2681 1187 2737 et
1200 2677 1292 2739 hoaut
1336 2663 1339 2666 Α

132 2789 197 2832 cum
212 2772 361 2832 Cattorum
374 2775 503 2850 principe
517 2774 581 2833 hac
601 2777 784 2849 transigeret,
807 2776 847 2836 Et
867 2777 908 2836 sic
926 2793 979 2838 nos
1000 2779 1144 2839 neminem
1161 2782 1208 2841 lu
1221 2807 1228 2832 ι
1240 2808 1243 2832 ι
1257 2805 1269 2821 ν
1280 2797 1291 2825 ι

132 2896 167 2938 ac
182 2880 275 2954 ipsum
290 2880 492 2953 imperatorem
507 2896 560 2955 pro
581 2881 696 2940 domino
717 2878 795 2939 leudi
816 2884 974 2956 agnituros.
1006 2883 1203 2959 Posteaquam
1224 2889 1280 2954 ’ψ

132 2983 284 3045 Mastolda
298 2987 417 3059 opipara
432 2986 502 3045 satis
517 3002 654 3060 pransum
669 2992 722 3061 est,
742 2987 834 3046 literis
849 2989 1057 3049 intercessoriis
1071 2997 1190 3065 epatre
1205 2998 1234 3054 et
1252 3000 1255 3041 ;
1270 2989 1276 3003 '
1307 3066 1319 3075 ,

132 3090 171 3152 ad
192 3090 372 3151 Joacbimum
392 3090 584 3151 marchionem
610 3091 911 3167 brandenburgensem
930 3095 1083 3156 electorem
1104 3103 1159 3156 eta.
1182 3104 1213 3160 et

132 3197 256 3256 balmum
271 3197 404 3256 comitem
417 3213 436 3256 a
449 3197 570 3256 Nassaw
584 3200 719 3274 acceptis,
744 3205 810 3273 post
824 3201 964 3260 secundas
984 3201 1071 3261 etiam
1086 3219 1203 3265 mensas
1216 3220 1252 3264 m
1264 3225 1274 3252 ι
1294 3276 1298 3285 ,
1324 3215 1332 3218 “

131 3303 206 3377 lyao
220 3301 365 3378 perfusas,
388 3301 497 3363 dimissi
512 3303 716 3379 Kouigshoven
733 3305 939 3365 contendimus.

220 3409 424 3482 Kouigsbnven
443 3410 652 3485 herbipolemis
672 3412 800 3486 episcopi
820 3412 889 3472 urbs
909 3418 955 3472 ast
973 3417 1003 3472 et
1021 3419 1157 3474 cmtrum.
1219 3440 1263 3465 w·

131 3520 267 3574 asenatu
281 3515 495 3575 vinchouorati
512 3533 619 3575 sumus.
1328 3554 1336 3561 -

220 3621 250 3678 ix
264 3619 373 3693 Aprilis
387 3621 417 3680 in
431 3621 549 3681 Bunach
564 3638 652 3696 snper
666 3621 836 3681 Buuichium
851 3621 969 3683 fluvium
983 3626 1175 3698 pervenimus.
1285 3629 1339 3744 ε

219 3742 239 3784 x
252 3724 360 3799 Aprilis
374 3726 499 3786 Banacoe
512 3727 685 3801 jentaculum
701 3730 872 3803 sumpsimus
887 3745 921 3789 ac
935 3730 1201 3804 Christophornma
1223 3742 1253 3784 ¹1·
1285 3754 1339 3827 Ι

131 3829 214 3905 διώ,
238 3832 287 3906 qui
304 3830 387 3891 nobis
401 3830 500 3893 dux
474 3850 527 3892 use
542 3849 561 3893 a
576 3833 697 3893 dominis
711 3850 730 3893 a
744 3834 918 3910 Henneberg
934 3833 1018 3895 datus
1038 3843 1110 3911 orat,
1134 3839 1243 3899 cum'r
1248 3845 1339 3932 ’-

132 3940 162 3993 et
182 3935 338 3996 honorario
365 3935 531 3996 dimisimus
574 3940 633 4014 Ipsi
655 3954 708 3998 nos
729 3939 929 4000 Forcbemium
952 3943 1008 4001 iter
1033 3942 1245 4016 arripientes
1284 3956 1339 4036 .’

133 4039 297 4102 Bunacbam
312 4048 343 4103 et
356 4042 547 4119 Bambergam
561 4045 691 4106 menum
706 4047 861 4106 bansvecti
875 4062 982 4106 sumus.
1283 4053 1339 4142 j

223 4148 333 4210 Eodem
354 4149 556 4212 Forcbemium
574 4151 689 4214 circiter
707 4152 859 4215 secmdam
879 4152 1107 4230 pomeudiauam
1126 4154 1252 4221 dere
1251 4195 1252 4198 =
