2678 4546
640 39 703 95 190

85 217 153 276 stati
166 219 270 276 restrae
284 211 495 272 inobedientem
509 211 671 285 praestabit,
695 210 747 269 sed
761 210 858 269 onmia
872 207 988 270 Christo
1009 206 1127 284 auspice
1150 225 1181 270 se
1202 208 1217 270 i
1249 240 1261 256 ·

85 325 182 379 turum
201 318 356 392 promittit,
380 332 444 388 qnae
465 317 586 390 probum
605 322 635 375 et
655 314 770 374 fidelem
790 315 921 374 comitem
944 315 1058 389 imperii
1074 316 1188 375 decent.
1219 317 1263 374 Ac

86 427 128 484 sic
141 423 276 483 Liborius
292 422 379 479 siluit.
409 422 570 493 Imperator
584 422 672 494 igitur
688 420 853 493 episcopum
866 419 1089 478 Atrebatenscm
1104 426 1135 479 et
1150 419 1183 493 d,
1192 421 1261 479 Phi-

85 529 196 602 lippum
217 527 339 595 Seldnm,
354 526 392 584 ad
413 542 444 584 se
465 540 570 599 vocans
592 523 717 596 paucula
738 539 801 580 cum
824 523 868 581 his
888 524 1047 601 collocutus
1068 528 1128 597 est,
1152 524 1261 584 scilicet

86 632 188 706 gallice
203 631 266 689 Pau
282 634 342 688 cest
356 627 411 687 fais
426 630 473 701 yci
488 634 542 689 etc.
574 629 687 687 Deinde
701 644 754 701 per
775 628 922 687 doctorem
947 628 1064 687 Scldnm
1084 628 1260 687 moecancel-

85 727 190 794 larium
204 734 361 809 respondit,
377 750 450 806 pene
465 735 569 806 omnia,
585 749 649 806 quae
664 732 799 790 Liborins
815 731 941 806 dixerat,
958 732 1100 792 verbatim
1115 739 1259 806 repetens,

71 900 73 904 Α
87 857 185 899 rerum
196 840 320 898 addidit:
337 839 541 897 Invictissimus
551 843 581 896 et
588 836 795 894 illustrissimus
806 841 904 895 noster
913 853 1003 895 caesar
1012 830 1050 896 ob
1062 838 1204 896 honorem
1213 837 1261 895 dei

87 949 118 1003 et
129 960 188 1003 suae
203 960 293 1004 sacrae
309 959 445 1001 caesarea
457 957 583 1000 romanae
591 941 751 1012 majestatis
760 941 888 1000 innatam
900 942 1080 1025 clementiam
1089 941 1260 1000 Wolradnm

87 1050 218 1108 comitem
241 1065 259 1106 a
280 1047 421 1106 Waldeck
443 1047 589 1105 dominnm
610 1060 703 1103 meum
727 1030 884 1117 gratiosum
908 1061 967 1104 nna
993 1061 1057 1103 cum
1083 1045 1209 1104 subditis
1231 1047 1260 1104 in

88 1155 210 1227 matiam
224 1153 326 1224 recipit
340 1158 369 1210 et
384 1167 487 1209 noxam
500 1151 543 1208 illi
558 1167 611 1224 pro
630 1138 685 1208 hac
704 1151 766 1207 vice
787 1150 922 1223 remittit,
948 1165 984 1208 ea
1003 1155 1100 1208 tamen
1124 1151 1204 1223 loge,
1229 1153 1261 1208 ut

88 1259 193 1329 omnia,
210 1257 319 1328 quaein
335 1255 537 1326 capitulatione
552 1253 759 1327 comprehensa
773 1260 849 1327 suut,
865 1254 902 1312 ab
918 1254 995 1313 dicto
1008 1255 1111 1312 comite
1118 1255 1259 1328 implean-

88 1367 136 1420 tur
152 1365 181 1418 et
195 1364 354 1418 serventur.
383 1358 462 1415 Etsi
477 1357 596 1430 posthac
610 1359 741 1416 comitem
756 1355 870 1416 fidelem
885 1363 913 1416 et
928 1359 1053 1432 probum
1074 1374 1106 1416 se
1127 1360 1258 1433 gesserit,

89 1465 144 1523 sibi
166 1463 413 1521 clementissimum
433 1477 569 1520 caesarem
588 1477 640 1520 nec
660 1477 717 1519 non
739 1466 769 1518 et
788 1461 847 1535 suis
867 1461 988 1521 subditis
1012 1467 1185 1535 experturus
1206 1469 1258 1522 est

87 1568 141 1627 His
156 1567 238 1626 dictis
253 1567 409 1641 imperator
423 1583 510 1624 mann
523 1570 601 1625 mota
616 1583 661 1625 me
676 1565 714 1623 ad
729 1583 760 1624 se
776 1566 905 1625 vocabat.
948 1563 1024 1638 Quia
1038 1582 1108 1625 vero
1128 1567 1200 1625 mihi
1218 1568 1260 1625 in·

86 1675 216 1746 junctum
231 1677 307 1746 erat,
332 1688 368 1729 ne
382 1673 412 1729 in
426 1666 528 1729 faciem
547 1669 729 1744 imperatoris
750 1671 937 1744 inspicerem,
961 1676 1117 1743 antequam
1138 1672 1177 1730 ab
1198 1673 1259 1746 ipso

89 1790 223 1851 vocarer,
244 1777 378 1835 Liborius
399 1791 444 1833 me
467 1776 570 1848 tetigit.
599 1775 668 1853 ¹Ocis
687 1777 775 1849 igitur
790 1776 958 1835 deosculata
976 1793 1065 1834 manu
1079 1793 1145 1837 mea
1160 1776 1257 1837 dexte·

88 1899 151 1942 ram
167 1880 288 1940 Caesaris
305 1881 413 1939 dextrae
425 1878 520 1952 junxi,
545 1879 595 1952 qui
609 1878 758 1941 confestim
774 1896 915 1953 exurgens
931 1880 972 1941 ad
984 1879 1149 1939 cubiculum
1162 1897 1259 1955 regne·

89 1984 176 2058 ditur,
191 2000 246 2042 nec
260 1999 315 2056 ego
330 1983 432 2040 cocloae
447 1999 548 2055 gressu
563 1983 668 2040 ostium
683 1984 805 2042 alteram
819 1989 896 2057 peto.
927 1983 984 2043 Ubi
998 2001 1067 2043 vero
1083 1985 1123 2044 ad
1138 1985 1258 2044 ulterius

88 2088 312 2162 hybernaculum
327 2087 406 2160 veni,
430 2088 548 2144 ostiario
563 2085 727 2158 Esohopeth
749 2087 821 2147 dixi:
845 2088 990 2159 Quantum
1013 2087 1066 2146 tibi
1086 2094 1117 2146 et
1135 2090 1193 2147 tuis
1213 2104 1256 2146 so·

90 2192 202 2251 dalibrm
217 2190 329 2249 debeo?
353 2191 498 2262 Quantum
513 2190 616 2262 placet,
632 2190 734 2262 inquit.
759 2191 947 2283 Sumuslvero
964 2208 1084 2252 numero
1099 2208 1160 2252 sex.
1185 2187 1258 2265 Quid

90 2298 146 2368 ais,
170 2297 195 2353 si
210 2296 363 2367 unicuique
377 2299 504 2353 restrum
522 2309 626 2352 aureus
642 2293 746 2353 detur?
778 2295 922 2370 Summas,
946 2298 1055 2370 iuquit,
1077 2297 1132 2357 tibi
1150 2299 1257 2371 agium

89 2401 208 2474 gratias
239 2399 295 2457 Sex
310 2400 397 2472 igitur
413 2414 515 2457 aurcos
531 2414 661 2456 nummos
676 2399 733 2456 illis
749 2399 824 2460 dono
839 2401 919 2475 dedi,
943 2418 1050 2475 rogans
1065 2401 1205 2476 eundem,
1229 2407 1257 2460 nt

90 2506 195 2577 siquis
211 2521 247 2562 ex
261 2505 367 2562 nostris
382 2518 435 2575 pro
451 2501 659 2575 subscriptione
674 2504 834 2563 litterarum
850 2505 1036 2564 absolutionis
1052 2521 1117 2564 eum
1132 2507 1255 2579 auoque·
1296 2508 1299 2517 '

90 2616 185 2683 retur,
210 2616 243 2667 ut
256 2609 332 2666 hunc
344 2609 470 2679 juraret,
487 2609 511 2663 si
527 2623 583 2679 qua
598 2623 729 2666 accessus
743 2612 858 2681 pateret
872 2615 926 2668 etc.
959 2610 1095 2668 Promisit
1117 2616 1255 2683 prompte.
1294 2582 1299 2623 ³

90 2713 186 2784 Atque
206 2713 252 2769 hic
273 2712 327 2769 init
346 2710 433 2782 huius
452 2711 603 2783 tragoediae
624 2711 725 2768 exitus.
757 2713 879 2784 Reliqua
899 2718 967 2771 sunt
987 2718 1052 2772 octo
1071 2714 1162 2772 millia
1181 2729 1257 2772 num-
1291 2690 1299 2735 ἣ

92 2815 168 2873 miun
190 2814 384 2886 expendenda.
426 2814 481 2884 Qui
502 2813 581 2873 dedit
606 2815 708 2889 vitam,
734 2816 814 2874 dabit
837 2822 866 2874 et
888 2818 1046 2890 pecuniam.
1088 2816 1256 2876 Benedictus
1291 2802 1299 2843 ³

93 2920 177 2990 deus,
200 2923 281 2991 pater
302 2917 409 2977 domini
424 2922 454 2975 et
468 2918 630 2976 liberatoris
646 2921 736 2978 nostri
751 2921 769 2978 J
772 2937 822 2978 esu
838 2920 943 2980 Christi
958 2937 1022 2978 cnm
1037 2938 1060 2978 s.
1077 2936 1131 2979 suo
1145 2921 1256 2994 spiriu,
1285 2898 1299 2950 ἶ

92 3026 141 3096 qui
155 3039 201 3081 mc
215 3023 383 3095 participem
397 3022 590 3080 calamitatum
605 3024 758 3082 multorum
773 3026 886 3097 piorum
900 3022 977 3097 fecit,
994 3025 1018 3083 is
1033 3040 1079 3082 mo
1088 3026 1194 3098 spiritu
1208 3039 1256 3083 suo
1284 3014 1299 3058 ff

92 3127 168 3187 bono
177 3144 241 3185 curn
256 3127 401 3200 uxorcula,
417 3125 506 3185 liliola
520 3130 550 3184 et
564 3127 684 3185 subditis
698 3128 823 3202 dirigere
839 3128 982 3202 dignetur,
998 3132 1031 3186 ut
1044 3129 1190 3187 constanti
1202 3125 1257 3187 fide
1287 3106 1299 3165 ἶ

93 3251 157 3306 quae
172 3234 287 3291 caesaris
303 3233 403 3290 caesari
418 3238 449 3290 et
469 3248 532 3304 quae
552 3231 599 3289 dei
622 3232 676 3292 deo
697 3232 819 3292 reddere
840 3247 957 3304 queam,
981 3233 1032 3305 qui
1051 3247 1097 3291 me
1118 3231 1205 3292 bodie
1223 3229 1257 3291 de
1277 3214 1299 3277 l·

92 3353 144 3396 ore
158 3336 249 3394 leonis
265 3336 378 3407 eripuit.
401 3335 535 3408 Benedic,
551 3336 673 3409 Eubulc,
690 3337 814 3409 domino,
829 3341 858 3395 et
872 3336 972 3395 laudet
985 3341 1014 3395 te
1028 3335 1144 3397 domine
1159 3336 1263 3409 omnia„
1282 3338 1299 3393 Ε

92 3441 139 3499 cui
154 3441 220 3498 ritae
235 3440 410 3513 spiraculum
426 3439 539 3499 dedisti.
578 3441 632 3512 Qui
647 3440 719 3498 vivis
733 3446 763 3498 et
777 3456 882 3514 regnas
897 3457 980 3500 verus
996 3456 1031 3500 ac
1044 3457 1119 3500 uuus
1134 3441 1165 3500 in
1178 3438 1255 3500 trini·
1276 3424 1299 3486 ἓ

92 3549 152 3605 tate
166 3544 245 3617 dens,
262 3546 308 3602 cui
322 3546 456 3617 perennis
471 3550 608 3618 potestas,
624 3545 687 3602 laus
703 3550 732 3604 et
746 3546 887 3618 perpetim
901 3546 939 3604 sit
953 3545 1055 3618 gloria.
1078 3544 1182 3605 Amen.
1209 3610 1213 3615 ,
1273 3542 1299 3594 tr

181 3651 282 3709 Vestes
297 3666 367 3708 meae
383 3655 465 3709 erant
479 3650 590 3708 tibialia
605 3655 635 3708 et
650 3649 754 3724 diplois
773 3665 809 3711 ac
828 3650 918 3708 calcei
936 3649 1012 3708 bene
1031 3649 1149 3708 contriti
1169 3654 1199 3708 et
1216 3650 1299 3721 tar-,r

93 3756 160 3814 nica
173 3770 209 3813 ex
223 3755 308 3826 nigro
323 3754 425 3826 scrico,
440 3768 494 3812 uec
509 3754 658 3827 quisquam
673 3769 709 3813 ex
723 3754 830 3811 uostris
844 3752 1147 3826 proeterLiboriumin
1157 3748 1299 3825 attiuh-¹:

93 3859 238 3917 nobiscum
254 3862 326 3916 erat.
357 3856 499 3916 Astiterat
513 3863 543 3916 et
556 3859 684 3918 Lazarum
700 3875 717 3916 a
733 3857 891 3916 Schwendi.
922 3857 968 3915 Ad
983 3857 1141 3931 hospitium
1161 3854 1278 3945 rerer-:lt

93 3978 141 4020 sus
156 3978 220 4020 cum
233 3963 348 4022 Joanue
363 3959 468 4021 Goselo
484 3963 542 4036 egi,
565 3968 598 4020 ut
612 3962 681 4020 mibi
696 3965 841 4020 trecentos
861 3959 986 4021 florenos
1007 3961 1054 4020 vol
1075 3959 1114 4020 ab
1133 3959 1192 4020 ulio
1211 3961 1268 4019 οἱ

94 4071 194 4136 meret,
210 4066 255 4125 rel
269 4068 331 4138 ipse
345 4072 444 4124 mutuo
461 4065 557 4138 duret,
574 4082 609 4125 ac
624 4066 690 4125 dedi
706 4065 748 4124 illi
763 4066 793 4124 in
806 4066 910 4139 pignus
925 4071 1043 4126 catenas
1058 4081 1163 4129 aureas
1178 4044 1299 4139 daflata

1259 4175 1299 4239 aa
