2678 4546
708 43 753 109 85

679 243 782 287 nnxrx.

228 342 402 390 unnasrous.
425 343 735 404 osoaa1us‚sacosns
758 347 881 392 ruoosar
904 349 1069 394 anausrnnr
1091 351 1224 396 asnnnru
1240 353 1316 397 rna-

138 450 210 496 rass
233 450 294 506 qun
315 449 395 495 aoso
417 449 533 494 astaus.
555 451 698 512 sannaus,
723 453 804 507 onan
826 453 982 499 contunsa
1005 455 1177 500 nnxruoauu
1201 455 1315 501 orsaurr

139 557 197 600 nno
220 554 375 600 nccarrau
399 557 429 599 ru
451 554 556 599 narnis
579 556 780 600 nsvsnsunau
802 558 867 601 narr
892 558 928 603 os
951 560 1111 619 narraras,
1135 560 1262 606 saturnu
1285 560 1315 604 nc

138 662 297 706 ammaus
313 660 498 705 aanorrnrmr
513 660 598 705 reuss
614 663 661 706 cur
679 664 736 706 cun
752 661 849 707 orsas
866 664 902 707 sr
917 624 1007 708 curru
1028 664 1213 711 uunrenruus
1229 663 1313 709 rauel

138 766 194 809 ssu
208 764 358 810 rauracus
375 764 608 811 anaonnurmus.

683 872 772 916 n.n.n.

228 959 353 1032 Quidam
368 949 463 1018 autem
478 974 514 1017 ex
532 959 618 1032 hujus
643 959 697 1017 vici
712 959 813 1019 incolis
838 961 950 1018 ceteris
965 968 1071 1033 praeest
1086 978 1119 1020 ae
1135 978 1169 1020 ex
1184 978 1312 1035 unaqua-

139 1082 195 1138 que
210 1064 295 1125 domo
310 1063 451 1124 domnum
473 1070 583 1124 tanturn
598 1065 774 1138 Augustanae
796 1070 918 1123 monetae
938 1066 1056 1140 recipit,
1080 1083 1138 1126 non
1154 1067 1268 1140 quidem
1283 1069 1312 1126 in

139 1172 339 1247 Fuggerorum
354 1175 528 1254 proventus,
549 1170 601 1229 sed
616 1175 657 1243 ut,
680 1172 705 1228 si
720 1168 795 1230 forte
810 1171 937 1244 Fuggeri
952 1187 1010 1231 uon
1025 1173 1178 1247 supersint,
1202 1173 1312 1245 domus,

138 1276 162 1333 si
177 1291 236 1348 qua
252 1292 333 1350 opus,
350 1272 430 1334 refici
445 1290 482 1334 ex
496 1274 550 1334 hac
564 1277 686 1347 pecunia
701 1281 817 1349 queant.

227 1379 339 1440 Eadem
359 1380 478 1439 nuncius
501 1377 664 1453 pontificius
686 1379 838 1439 advenisse
857 1379 1005 1439 dicebatur
1025 1379 1158 1440 adferens
1173 1399 1192 1442 a
1207 1381 1313 1442 Christi

141 1485 246 1544 vicario
261 1483 337 1544 forte
352 1501 371 1542 a
385 1467 500 1544 Christo
516 1485 631 1544 domino
646 1500 792 1558 nunquam
806 1484 852 1542 vel
867 1485 992 1559 cogitata
1006 1487 1051 1546 vel
1063 1488 1152 1560 jussa.

226 1589 264 1661 D.
281 1590 409 1649 loannes
426 1588 553 1664 CooIeus,
570 1592 722 1650 eanonicus
736 1583 944 1648 Eiohstatensis
966 1596 995 1648 et
1011 1591 1145 1664 undicta,
1162 1589 1313 1655 infehoiori

143 1699 235 1754 amen
250 1710 384 1754 successu
400 1711 486 1771 quam
501 1701 534 1753 ut
548 1696 701 1769 proverbio
717 1695 821 1753 dicitur
845 1695 1011 1771 (scarabeus
1025 1694 1162 1769 aquilam)
1179 1698 1312 1758 incitatus

144 1799 244 1860 librum
258 1801 429 1874 conscripsit
444 1807 544 1859 eontra
559 1807 666 1860 nostrae
680 1800 828 1875 religionis
844 1805 895 1858 aut
909 1800 933 1858 si
949 1801 1039 1858 mavis
1051 1801 1229 1875 Augustanos
1242 1817 1310 1863 oon·

146 1904 273 1966 fessionis
294 1907 441 1967 auditores
462 1912 491 1965 et
518 1907 704 1966 collocutores
731 1907 760 1964 in
788 1905 931 1977 colloquio
958 1905 1123 1965 Ratisbonae
1150 1907 1312 1979 germanice

93 2010 96 2017 '
148 2010 226 2072 llenn
247 2010 396 2071 Nachtrab
416 2011 531 2070 titulum
546 2010 656 2070 indidit.
696 2010 744 2070 Sic
758 2010 795 2069 ad
818 2008 949 2068 sordidos
964 2007 1124 2082 pontificios
1140 2011 1268 2071 scarabei
1283 2017 1313 2071 et

97 2134 102 2195 p
149 2119 244 2178 oocleoe
260 2132 326 2175 cam
349 2116 466 2176 lubricis
486 2115 634 2176 limacibus
658 2120 824 2189 acceptant,
847 2115 913 2173 dum
928 2114 1057 2174 homines
1078 2116 1185 2186 pietate
1200 2120 1230 2174 et
1244 2116 1310 2175 doo-

150 2224 216 2283 lrina
229 2221 349 2297 probati
358 2221 446 2280 celeri
461 2235 546 2279 cursu
561 2222 608 2279 vel
622 2226 706 2295 terga
720 2224 843 2293 vertere,
859 2219 904 2277 vel
918 2218 1043 2279 latebras
1059 2236 1190 2291 quarere
1205 2236 1311 2294 coguu-

100 2310 106 2389 l
150 2331 196 2386 tur.
218 2327 293 2409 Quae
307 2331 404 2385 minen
417 2326 503 2385 latuit
517 2324 567 2383 diu
582 2326 741 2385 ettaudem
752 2325 873 2398 emergit
884 2325 991 2383 verims
1007 2325 1181 2398 postliminio
1196 2325 1312 2398 auspice

102 2392 106 2499 l
153 2422 468 2503 ursammpnann.
1040 2464 1043 2471 -

226 2537 322 2596 Estet
331 2535 561 2608 Augnstaejuxta
571 2534 748 2608 ponticulum
760 2534 901 2605 quendam
917 2532 1056 2604 posticum
1071 2534 1100 2590 in
1117 2531 1252 2591 suburbia
1263 2548 1312 2590 ex·

151 2640 273 2701 antibus
287 2655 396 2713 murus,
411 2639 442 2697 in
458 2653 515 2711 quo
527 2639 557 2697 iu
566 2654 666 2698 saxum
681 2636 800 2710 aliquod
815 2654 865 2696 sex
879 2637 1018 2709 imagines
1027 2636 1314 2709 pueromminsculp·

153 2747 188 2803 tas
201 2745 301 2805 videre
317 2751 369 2804 ost.
408 2744 473 2803 Hoc
493 2750 706 2804 monumentum
725 2743 829 2817 hospes
852 2748 949 2800 noster
964 2741 994 2798 in
1009 2741 1174 2800 memoriam
1189 2742 1313 2816 positum

151 2863 203 2910 osse
216 2851 267 2925 ait,
283 2849 363 2923 quod
376 2854 422 2909 tot
432 2866 554 2915 ,nurnero
569 2850 652 2922 pueri
665 2849 770 2908 ibidem
791 2849 910 2907 choreas
926 2847 1062 2906 ducentes
1078 2848 1107 2904 in
1130 2847 1218 2920 Lyco,
1233 2847 1313 2920 cnjus

150 2952 319 3014 brachiolam
333 2953 433 3013 subter
447 2955 622 3028 ponticulum
636 2951 790 3027 transfluit,
808 2953 947 3011 submersi
963 2958 1037 3009 sunt.

226 3060 284 3120 Vix
298 3058 382 3119 nobis
396 3059 433 3119 ad
447 3059 602 3136 hospitium
619 3059 743 3118 reversis
759 3057 928 3116 secretarius
944 3055 1059 3128 quidam
1075 3054 1202 3127 episcopi
1208 3054 1311 3112 Mona·

147 3165 297 3238 mnemia,
304 3166 403 3239 patrui
410 3166 510 3239 nostri,
520 3163 607 3238 venit,
618 3163 775 3235 sciscitans,
787 3178 853 3219 num
862 3162 961 3220 literas
971 3161 1095 3234 episcopi
1105 3159 1219 3216 nomine
1233 3172 1312 3216 rece-

146 3272 264 3342 perimus
279 3286 319 3329 an
333 3284 423 3329 mous.
448 3268 501 3327 Oui
512 3267 657 3343 respondi,
674 3266 745 3325 nihil
760 3268 908 3326 hterarum
924 3266 960 3324 ab
976 3266 1109 3339 episcopo
1124 3262 1191 3321 mihi
1206 3262 1312 3320 hicob-

146 3376 259 3434 uenisse.
276 3372 415 3432 Exhibuit
426 3374 514 3446 igitur
522 3373 592 3430 mihi
601 3371 738 3445 legendas
750 3372 896 3446 epistolas,
909 3372 937 3428 in
950 3371 1053 3443 quibus
1064 3369 1119 3442 ipsi
1130 3369 1167 3427 ab
1179 3368 1313 3443 episcopo

145 3479 299 3553 injunctum
321 3483 397 3550 erat,
422 3482 455 3535 ut
469 3492 555 3552 super
570 3477 666 3549 aliquo
682 3477 800 3549 negocio
815 3477 846 3534 in
861 3476 991 3534 absentia
1005 3475 1153 3533 Francisci
1168 3473 1231 3545 Dey
1246 3473 1314 3532 mihi

145 3587 247 3657 scripta
261 3583 391 3657 episcopi
405 3580 535 3655 offerret,
558 3587 590 3639 ut
604 3581 640 3640 de
662 3582 717 3639 hac
732 3598 764 3639 re
780 3580 858 3653 apud
873 3579 1052 3638 consiliarios
1068 3578 1190 3637 Goesaris
1205 3593 1313 3650 praesu-

143 3690 196 3748 lem
203 3702 383 3748 excusarem.
399 3686 696 3761 Erhihenspraeterea
706 3685 813 3758 scripta
829 3682 884 3741 duo
893 3683 1032 3743 Lazarum
1047 3683 1082 3741 de
1092 3680 1240 3741 Schwendi
1248 3694 1314 3737 con·

143 3794 298 3854 cernentia.
322 3792 438 3851 Literas
453 3808 522 3851 vcro
534 3790 571 3851 ad
582 3806 628 3849 me
647 3791 729 3849 datas
745 3789 918 3847 secretarius
930 3793 959 3846 et
969 3804 1022 3862 ego
1034 3788 1070 3846 ab
1084 3789 1147 3859 ipso
1160 3785 1272 3842 Lazaro
1288 3789 1317 3843 et

142 3898 314 3972 interceptas
330 3903 361 3956 et
374 3897 464 3955 lectas
479 3895 701 3968 suspicabamur,
714 3910 812 3952 verum
821 3893 850 3952 id
861 3893 945 3951 aliter
957 3901 1057 3966 postea
1071 3892 1247 3963 compertum
1262 3895 1315 3949 est.

141 4003 270 4064 Petierat
285 4007 382 4063 autem
403 4000 553 4061 Schwendi
568 4017 586 4058 a
600 4005 703 4072 patruo
724 4003 823 4057 nostro
843 4000 924 4071 Jussu
948 3996 992 4070 (ut
1006 3998 1070 4069 ipse
1084 3995 1211 4053 Lazarus
1227 3993 1316 4068 scrip-

142 4107 189 4184 sit)
205 4109 348 4169 casarea
364 4106 533 4180 majestatis,
549 4104 626 4164 utin
641 4106 866 4177 supplementum
883 4103 1024 4162 exercitas
1039 4098 1230 4158 obsidentium
1245 4098 1316 4158 Ver·
