2678 4546
641 39 698 71 ’00

175 168 368 267 ιιίᾒἊρτὶΙίε
383 189 455 250 hora
470 190 596 249 semein
611 188 718 264 templo
732 187 865 248 Mauritii
878 185 915 247 D.
925 187 1056 248 Jonnnes
1071 187 1214 249 Henricm
1225 203 1248 248 u

87 318 150 374 cap.
166 300 205 370 xij
222 297 350 372 epistole
366 295 404 356 ad
419 295 563 355 Romanos
578 293 614 353 de
629 295 674 353 his
688 293 785 353 verbis
800 292 896 351 Pauli:
911 291 1038 354 Dilectio
1053 311 1116 354 non
1132 297 1171 356 sit
1183 296 1249 354 sine

85 408 153 478 lata,
170 404 232 462 sitis
247 402 313 461 odio
329 404 535 475 prosequentes
549 399 624 474 qnod
636 400 742 458 malurn
754 405 807 472 est,
823 398 1004 485 adherentes
1020 402 1047 459 ei
1065 401 1146 474 quod
1160 402 1250 461 bonon

86 517 143 584 est,
167 525 221 583 per
241 505 399 566 fraternam
414 504 564 565 caritatem
578 506 617 565 ad
631 510 729 564 mutuo
745 519 795 563 vos
812 485 971 578 diligendos
986 508 1138 581 propensi,
1158 508 1250 567 honore

87 616 161 674 alim
176 614 263 673 aliurn
278 611 473 685 praecedentes
490 616 543 670 etc.
583 610 688 685 ajebat
702 609 823 671 Paulum
843 609 890 667 hic
904 608 1000 672 dicere
1015 610 1052 670 de
1068 613 1165 673 tribus
1178 614 1250 671 mcxi

85 723 139 780 mis
154 719 303 794 operibus,
321 733 460 776 excusans
475 721 603 790 nostros,
620 714 697 788 quod
710 715 768 778 illis
783 715 941 774 adversarii
956 715 1140 791 objicerent„
1151 733 1183 776 se
1196 716 1250 775 nihi

86 828 208 887 clamare
223 829 329 899 praeter
344 822 425 896 fideS,
441 820 523 895 fides,
540 820 621 896 fides,
638 820 869 879 interimnnllam
883 819 920 879 de
935 820 1073 895 operibus
1089 821 1176 881 bonis
1191 837 1250 880 men

84 935 193 993 tionem
207 947 257 991 eos
271 929 376 989 faeere.
400 926 578 999 Impossibile
594 929 669 985 enim
685 932 741 999 est,
755 910 860 1000 inquit,
877 940 941 984 eum
956 925 1006 999 qui
1022 927 1178 987 sinceriter
1191 942 1250 1001 pre

85 1038 162 1098 dicat
176 1034 377 1109 Evangelium,
394 1047 451 1090 non
467 1031 553 1089 etiarn
567 1030 644 1090 bona
658 1047 747 1104 opere
762 1030 886 1104 docere,¹
895 1030 946 1090 sed
960 1047 996 1090 ea
1010 1048 1078 1104 qnae
1094 1031 1178 1092 Deus
1193 1046 1250 1107 pra

85 1142 204 1216 ceperit.
227 1141 300 1198 Item
315 1139 437 1210 primum
453 1141 483 1194 et
497 1149 634 1193 summum
649 1151 721 1210 opus
736 1152 800 1194 esse
812 1134 907 1209 fidem,
925 1153 990 1209 qnae
1005 1135 1118 1196 Christi
1133 1139 1250 1197 meritum

86 1243 276 1321 apprehendit
290 1257 362 1315 aque
378 1240 441 1300 Deo
456 1247 557 1300 concta
572 1242 648 1301 bona
664 1247 809 1317 expectat,
834 1241 977 1301 adducens
999 1259 1058 1302 non
1075 1259 1169 1303 unum
1182 1243 1250 1316 nnn

86 1352 129 1408 rei
151 1348 319 1422 exemplum.
358 1345 471 1406 Deinde
492 1346 648 1408 secundum
670 1363 741 1421 opus
764 1363 826 1406 esse
841 1349 1006 1422 caritatem,
1031 1347 1250 1423 proferenspas

86 1456 139 1513 sim
161 1469 177 1512 e
199 1453 341 1524 scripturo
367 1453 445 1512 locos
472 1451 507 1511 de
529 1452 666 1526 caritate,
690 1453 780 1513 multa
799 1453 943 1512 disserens
967 1454 1003 1513 de
1023 1452 1127 1514 fucata
1151 1461 1180 1514 et
1199 1451 1250 1513 icti

86 1560 267 1619 simulatione
296 1559 432 1616 caritatis.
478 1558 550 1617 item
572 1558 746 1631 impossibile
770 1573 846 1632 esse,
875 1575 939 1617 enm
960 1560 1009 1632 qni
1034 1558 1095 1620 fide
1117 1562 1250 1621 cannen

86 1683 155 1741 erga
168 1664 262 1723 Deum
277 1665 452 1736 conceperit,
477 1679 534 1722 non
550 1664 665 1722 salvari.
704 1663 857 1723 Addueens
873 1664 1033 1737 exemplum
1049 1681 1141 1738 quam
1156 1671 1250 1740 gratu

86 1774 123 1832 sit
131 1771 193 1830 Deo
209 1771 270 1844 ejus
286 1769 374 1835 verbo
390 1774 418 1828 et
433 1768 623 1829 obedientiam
639 1773 778 1843 praestare
794 1773 823 1827 et
838 1769 971 1842 idipsum
988 1769 1119 1830 credere.
1146 1771 1177 1831 Si
1192 1769 1249 1844 quie

87 1879 173 1951 piam,
189 1876 290 1949 inquit,
306 1890 324 1932 a
339 1890 408 1948 rege
423 1873 477 1933 eibi
493 1872 548 1931 dici
567 1874 718 1948 audiverit,
743 1875 787 1932 Tu
802 1876 872 1933 mihi
886 1873 977 1948 fidite,
994 1891 1068 1934 meae
1085 1891 1166 1936 curae
1179 1882 1207 1936 te
1219 1886 1249 1933 re

86 1981 225 2054 linquite,
251 1979 320 2037 mihi
345 1981 419 2038 enim
442 1977 656 2038 commendatus
679 1980 753 2053 eris,
779 1963 944 2055 rnajoraqne
968 1980 1022 2039 tibi
1047 1980 1174 2042 daturus
1195 1997 1248 2049 sura

88 2102 173 2159 quam
188 2101 206 2143 a
220 2100 265 2144 me
281 2089 417 2157 expetere
433 2098 519 2142 ansus
534 2083 646 2156 fuisses,
671 2099 764 2143 nonne
781 2086 804 2142 si
821 2087 844 2142 is
860 2086 1027 2158 imperatori
1047 2083 1136 2146 iidem
1152 2089 1249 2156 habeat

88 2190 128 2247 illi
143 2191 321 2262 gratissimus
336 2186 411 2247 erit?
442 2187 524 2247 Licet
539 2205 590 2247 rex
605 2189 650 2247 vel
665 2190 822 2261 imperator
837 2205 901 2262 quue
915 2191 1058 2264 pollicitus
1075 2197 1123 2252 est
1138 2210 1198 2253 non
1209 2198 1250 2253 ste

87 2296 138 2353 tim
153 2295 217 2368 ipsa
235 2299 362 2366 praestat.
402 2292 505 2351 Nonne
523 2293 570 2351 hie
589 2291 665 2351 bona
685 2308 735 2366 spe
752 2293 835 2353 laetus
857 2296 952 2354 omnia
973 2312 1038 2369 que
1054 2294 1168 2357 Oaesari
1187 2291 1250 2358 cord

89 2415 151 2459 esse
166 2397 244 2475 (scit)
257 2396 267 2434 ¹
282 2396 371 2459 iacit?
396 2403 427 2458 at
440 2395 516 2457 forte
530 2413 666 2458 cesarem
678 2404 770 2457 morte
780 2402 931 2472 praeveniri
946 2402 1069 2475 eveniat,
1087 2419 1148 2475 quo
1163 2405 1250 2463 minus

87 2522 150 2579 qnae
165 2507 346 2580 promiserat,
362 2507 481 2579 exsequi
494 2511 600 2580 posset.
625 2504 678 2563 Est
693 2504 768 2563 enim
781 2505 872 2563 omnis
887 2505 972 2564 homo
987 2505 1123 2567 mendax.
1150 2509 1250 2582 Quanti

87 2613 177 2684 magis
192 2611 272 2669 Deus
288 2610 487 2671 redametnrns
503 2615 555 2683 est,
580 2626 597 2668 e
613 2626 669 2683 quo
685 2611 779 2669 omnic
795 2610 1012 2682 exspectamus?
1049 2613 1078 2669 Is
1095 2614 1174 2671 enim
1189 2613 1250 2674 solu

91 2720 135 2772 est
150 2730 247 2786 verax,
265 2719 294 2772 et
309 2730 486 2787 quaecunque
499 2716 588 2773 voluit
603 2721 632 2772 et
647 2720 787 2788 praestaro
803 2720 832 2774 et
845 2714 941 2774 iacere
956 2721 1060 2790 potest.
1099 2717 1174 2777 Item
1188 2714 1250 2792 quoi

89 2821 113 2876 is
129 2819 223 2875 cultus
239 2818 306 2890 Dei,
331 2833 415 2889 quem
436 2818 557 2891 papistae
573 2819 602 2875 in
617 2818 678 2877 solo
693 2821 799 2893 templo
819 2821 871 2881 snb
893 2819 996 2880 divinis
1018 2821 1063 2897 (nt
1076 2823 1134 2896 ipsi
1149 2818 1250 2895 vomui]

89 2922 260 2996 probitatem
285 2923 428 2994 quamdam
451 2939 511 2996 prae
534 2939 565 2980 se
586 2923 704 2982 ferendo
727 2932 877 2997 praestant,
907 2926 969 2984 Deo
993 2927 1194 2988 abominabilis
1213 2926 1250 2986 st

89 3029 194 3086 Verum
219 3026 411 3086 Christianum
435 3030 464 3084 in
487 3028 563 3085 omni
585 3027 646 3085 loco
669 3027 868 3089 dominationis
891 3029 998 3090 domini
1017 3029 1124 3091 debere
1147 3050 1177 3093 se
1198 3032 1250 3091 Dc·

88 3131 280 3204 obedientem,
305 3131 360 3191 tide
376 3146 450 3206 pura
465 3138 495 3191 et
509 3134 568 3190 vita
584 3133 656 3192 bene
673 3134 804 3194 instituta
823 3135 958 3194 exhibere
973 3142 1025 3194 etc.
1066 3137 1110 3197 Ob
1124 3136 1250 3213 tempori·

89 3243 183 3296 antem
199 3237 349 3310 penuriam
371 3236 407 3296 de
427 3239 513 3297 tertio
529 3254 616 3312 opere
634 3239 783 3299 absolvere
804 3256 861 3299 non
882 3241 989 3313 potnit,
1013 3243 1171 3317 suscipiens
1184 3243 1250 3303 idn

89 3342 219 3414 proxima
234 3342 368 3400 concione
383 3341 533 3401 facturum.
572 3345 605 3401 In
621 3344 865 3405 obsecrationibus
884 3361 937 3418 pro
952 3347 1072 3420 captivis
1088 3344 1250 3408 omnibmd

89 3461 142 3518 pro
157 3445 200 3517 iis,
218 3446 266 3518 qui
281 3447 341 3504 sive
356 3446 433 3519 apud
448 3448 570 3520 Turcos,
586 3450 646 3508 sive
661 3449 728 3508 alibi
749 3449 875 3508 locorum
891 3451 928 3510 ob
943 3452 1072 3510 veritatis
1087 3454 1250 3526 aginnense·

88 3557 339 3624 persequerentur,
356 3568 440 3610 orare
451 3553 546 3624 iussit.
571 3553 626 3625 Qui
640 3558 735 3627 potest
750 3569 869 3628 capere,
886 3558 989 3630 capiat.

177 3655 203 3712 A
218 3656 352 3714 concione
368 3655 450 3714 nobis
465 3656 540 3716 forte
555 3657 672 3717 fortuna
693 3656 805 3716 obviarn
826 3657 859 3718 fit
874 3659 1004 3720 Matthiae
1020 3660 1056 3719 ab
1072 3658 1250 3722 aldenbort!

88 3759 178 3833 filius,
200 3760 311 3819 baliuus
333 3760 515 3822 Steinfordiae
536 3769 566 3821 et
581 3762 682 3836 Ladae,
706 3765 814 3822 ordinis
835 3762 871 3821 D.
892 3764 1012 3821 ioannis
1033 3763 1187 3840 Baptistae,
1208 3752 1250 3835 o*

88 3866 150 3924 heri
165 3866 286 3939 primurn
303 3881 320 3923 a
335 3865 512 3939 proiectione
528 3883 563 3925 ex
579 3870 670 3928 insula
685 3869 778 3927 Multa
792 3883 823 3925 se
838 3883 984 3926 reversum
998 3873 1027 3927 et
1037 3869 1196 3943 Angustam
1208 3876 1250 3926 re·

666 4006 681 4037 ¹0¹

166 4091 173 4135 1
197 4087 290 4139 bieses
309 4096 372 4140 nort
390 4087 456 4140 fehlt
474 4090 509 4138 im
529 4103 604 4139 mser.
