2678 4546
466 140 531 207 205

82 323 266 398 urecipiuut,
283 323 324 382 ita
340 323 497 397 recipiunt,
521 328 553 383 ut
567 329 663 383 temen
682 325 797 384 iuterim
816 323 921 384 nullius
936 323 1090 386 commodi·

82 443 104 486 e
118 428 222 501 velint,
245 427 321 500 quod
337 434 366 486 et
381 444 456 486 nuuc
470 432 669 502 persecutione
684 431 836 504 ingruente
855 429 993 489 ridemus.
1017 431 1089 490 Nul-

82 535 237 608 principum
257 541 307 593 aut
331 551 499 610 magnorum
520 552 669 609 procerum
692 544 751 610 est,
777 537 826 608 qui
845 535 997 609 ingratiam
1012 537 1091 596 verbi

82 656 137 698 rum
161 640 230 712 quid
251 657 335 713 oporn
357 658 472 701 suarum
493 641 561 701 velit
581 642 727 715 negligere
743 643 789 700 vel
803 640 975 714 relinquere.
1012 640 1091 700 Etsi

82 745 183 804 uncula
204 746 301 819 aliqum
323 746 511 820 relinquenda
532 753 561 806 et
581 749 743 820 voluptates
764 747 801 808 ob
824 747 1003 821 evangelium
1022 763 1089 807 con·

82 894 89 922 ,
106 866 163 910 non
180 851 270 910 solum
285 851 374 911 verbo
388 852 542 927 evangelii,
560 852 672 912 sedvel
687 852 801 914 Christo
815 855 879 926 ipso
894 853 924 911 in
938 858 1029 914 totum
1044 870 1090 914 re·

97 942 165 1015 snt.

82 1061 131 1120 ine
145 1060 216 1120 Jesu
232 1059 360 1133 Christe,
383 1063 433 1134 qui
452 1062 509 1120 tuis
530 1062 628 1121 mundi
653 1063 749 1123 odium
769 1070 798 1122 et
819 1063 1046 1137 persecutionem
1060 1063 1091 1122 in

82 1164 170 1224 licere
191 1167 306 1226 voluisti
331 1175 362 1227 et
382 1167 478 1225 multis
500 1168 592 1226 modis
615 1170 724 1227 animos
740 1183 838 1227 eorum
853 1165 1030 1242 confortasti,
1055 1184 1092 1227 en

82 1271 218 1330 nveniuut
240 1288 315 1330 nuuc
334 1288 386 1332 nos
406 1273 466 1330 hac
481 1274 555 1331 mala
572 1275 668 1332 omnia
683 1281 713 1333 et
734 1273 805 1332 nihil
820 1288 971 1348 superesse
986 1273 1091 1345 reliqui
1105 1268 1110 1277 '

82 1376 117 1435 isi
132 1377 209 1450 quod
224 1378 366 1451 pollicitus
378 1394 417 1450 es,
435 1386 463 1437 te
478 1394 696 1452 permansmum
706 1378 854 1439 nobiscum
868 1378 1010 1453 usquead
1024 1393 1091 1439 con·

82 1498 135 1542 tem
155 1483 251 1542 seculi.
281 1484 372 1558 Igitur
394 1483 443 1557 du,
469 1490 501 1542 ut
516 1485 656 1558 possimus
680 1485 840 1544 intentione
855 1485 909 1543 hac
923 1484 1091 1558 gavisame

99 1602 158 1661 quo
171 1593 201 1647 te
216 1590 348 1648 veniente
363 1589 489 1648 levemus
505 1590 599 1664 capita
621 1595 721 1649 nostra
737 1595 767 1649 et
782 1590 818 1649 de
833 1596 883 1650 tua
897 1590 1024 1664 gratuita
1038 1589 1089 1650 bo·

82 1707 175 1752 onam
202 1695 301 1766 gloria
330 1711 392 1752 cum
415 1695 546 1754 omnibus
567 1696 665 1754 electis
690 1695 747 1754 tuis
772 1698 959 1769 reportemus.
999 1695 1090 1769 quue

82 1814 205 1858 ommam
227 1807 306 1859 tuam
332 1800 504 1874 bonitatem,
529 1800 655 1876 domme,
680 1801 726 1860 cui
746 1817 809 1860 cum
832 1805 916 1874 patra
938 1808 967 1860 et
991 1806 1090 1862 sancto

82 1920 139 1978 ror,
155 1905 220 1964 laus
234 1905 272 1964 sit
286 1910 317 1964 et
331 1907 433 1980 gloria.
458 1906 559 1965 Amen.

82 2020 118 2069 ι’
135 2012 215 2071 venit
229 2010 358 2070 Joaones
381 2011 462 2072 nobis
482 2011 636 2085 apedibus
652 2028 669 2070 a
684 2010 797 2070 Joanne
819 2009 956 2070 Galacteo
972 2017 1001 2070 et
1015 2009 1089 2070 Her·

82 2116 130 2176 llio
151 2115 234 2175 nobis
250 2117 366 2175 ‘litteras
387 2115 535 2191 adferenS,
559 2116 770 2176 Coloniensium
792 2121 821 2174 et
840 2117 1044 2177 monachorum
1059 2116 1089 2174 in

99 2227 231 2281 uestrum
253 2221 452 2282 infestationes
477 2227 690 2282 concernentes.
728 2220 841 2282 Detulit
864 2227 893 2281 et
921 2221 1032 2283 litteras
1053 2221 1090 2281 ab

84 2324 255 2403 'liborium

104 2435 156 2507 qui
178 2430 263 2491 fieret
290 2434 366 2505 quod
390 2433 573 2492 Hermannus
600 2432 670 2493 nihil
698 2434 734 2493 de
753 2435 874 2507 pecuma
899 2432 1088 2509 rescripserit.

82 2542 207 2599 metrum
223 2537 382 2598 Samuelem
397 2539 523 2599 nondum
540 2555 653 2613 quoque
669 2538 847 2597 Weldeciam
862 2538 1015 2613 appulisse.

82 2644 140 2705 ns
149 2641 252 2702 eadem
267 2643 383 2704 Werdae
399 2644 512 2703 domum
528 2644 646 2704 Antonii
656 2644 781 2718 Fuggeri
797 2645 875 2702 intra
889 2644 997 2704 moenia
1011 2640 1089 2703 urbis

82 2764 199 2824 *opum
221 2750 443 2809 ostentatricem.
482 2750 574 2822 Regia
597 2766 659 2808 esse
679 2749 770 2823 possit
791 2748 940 2809 liabitatio.
980 2745 1090 2806 Gemini

82 2862 234 2935 numere
249 2855 388 2928 candido,
414 2872 471 2913 non
488 2862 583 2914 tamen
599 2854 681 2929 pario
703 2854 755 2913 sed
769 2854 942 2926 Eistatense,
960 2851 1090 2913 tabulata

82 2960 133 3031 iil
147 2961 274 3036 generis,
291 2961 438 3032 laquearia
454 2960 591 3019 deaurata
613 2961 658 3019 vel
680 2959 776 3033 potius
791 2975 894 3020 aurum
908 2955 977 3018 licto
994 2957 1090 3017 colore

82 3050 121 3133 fl
140 3066 180 3127 (lc
200 3066 372 3139 perimentis
392 3065 500 3126 affabre
515 3066 639 3140 planatis
661 3071 770 3125 taceam
786 3080 838 3124 sua
853 3065 975 3139 planicie
991 3080 1091 3137 super·

82 3136 212 3255 *tcum
227 3170 277 3229 alii
293 3172 494 3230 exvirentibus
509 3172 600 3245 pratis
611 3173 709 3230 hortos
722 3170 860 3230 dedalios
875 3167 1089 3243 magnifaciunt,

96 3278 103 3357 Ἰ
184 3275 345 3349 labyrintos
368 3278 397 3335 in
418 3277 579 3351 pavimenta
606 3294 641 3336 ex
657 3277 801 3336 asseribus
817 3276 918 3335 dolatis
933 3275 1006 3333 mim
1020 3274 1089 3331 insi-

112 3360 115 3367 ’
161 3382 168 3396 ’
205 3381 385 3441 lineamentis
409 3399 461 3454 per·
476 3399 562 3457 gyros
578 3388 607 3441 et
621 3381 796 3453 maeandros,
822 3397 857 3440 ex
873 3381 977 3453 quibus
993 3379 1088 3439 deam·

105 3464 109 3563 ἶ
171 3504 189 3546 r
209 3502 241 3546 se
263 3487 319 3545 nisi
339 3487 510 3546 lineamenta
530 3488 673 3547 transiliat
694 3503 795 3545 eruere
815 3492 921 3560 potest.
959 3484 1016 3545 Sed
1035 3484 1092 3544 sint

111 3674 114 3679 Ι
140 3586 232 3667 opes,
257 3592 305 3664 qui
325 3588 400 3651 forte
415 3593 558 3651 civitatem
583 3597 796 3666 permanentem
811 3593 858 3650 hic
871 3590 1016 3652 aedificare
1031 3594 1091 3650 sta·

116 3772 123 3789 ¹
231 3695 309 3756 tibus
324 3697 429 3771 hospes
445 3704 541 3756 noster
557 3699 709 3772 aethiopem
725 3713 881 3768 cursorem,
899 3699 948 3770 qui
960 3694 1091 3770 Hispano

167 3804 218 3880 pis
241 3800 390 3862 (latiorum
406 3801 541 3875 praefecto
557 3821 574 3863 a
591 3803 713 3878 pedibus
733 3807 835 3875 servit,
855 3805 1023 3872 conspectus
1038 3798 1089 3857 lto·

124 3908 257 3985 ‚vocavit
297 3907 383 3981 Quem
406 3910 454 3967 ubi
476 3909 511 3968 de
532 3910 669 3985 principis
684 3909 849 3969 valetudine
865 3915 893 3966 et
908 3919 1032 3979 quonam
1046 3903 1088 3961 lo·

226 4017 327 4073 eretur
346 4029 521 4089 rogaremus,
538 4017 700 4088 respondit:
725 4014 783 4074 Sub
806 4018 917 4072 noctem
932 4024 996 4066 cum
1011 4006 1088 4080 capi·

136 4158 160 4205 ·.
240 4119 399 4203 Suanorum
419 4122 605 4192 pernoctavit.
645 4121 678 4178 ln
699 4135 733 4177 ea
754 4119 828 4177 enim
842 4115 913 4175 urbe
927 4112 1091 4186 hispanicus

223 4222 410 4301 hudtmavio
423 4240 535 4286 menses
545 4224 617 4287 duos
628 4222 776 4298 transigat.
799 4219 878 4282 Jussi
887 4218 976 4296 igitur
989 4217 1089 4282 stlte
