2678 4546
687 44 751 110 140

136 236 270 307 geretur,
293 234 345 290 aut
366 228 391 287 si
413 225 444 285 id
465 231 602 286 asenatu
617 226 824 301 negligeretur,
845 239 979 285 marem
994 224 1156 301 hujusmodi
1172 228 1305 288 ecclesia·

136 343 200 395 sten
216 336 414 395 coerciturum.
449 334 554 390 Verum
569 331 677 389 nullam
691 332 721 389 in
735 332 849 390 homine
864 347 979 390 causam
993 332 1123 391 invenire
1138 337 1305 407 potuerunt

136 440 190 499 Ast
206 439 275 514 qnid
290 438 393 511 aquilis
409 452 473 494 curn
488 437 591 511 exiguo
606 435 760 495 Musculo?

225 542 427 602 Batzenhoven
447 556 539 615 pagus
559 546 603 598 est
622 539 660 599 ab
682 540 813 614 Angusta
834 555 892 599 uno
912 544 964 599 aut
986 540 1079 600 altero
1099 541 1205 600 miliari
1224 541 1307 602 dissi·

136 649 215 707 dens.
239 648 296 708 Ubi
312 625 375 705 cum
389 647 462 705 hene
478 651 639 703 nummatus
662 645 765 717 aliquis
783 646 908 703 rusticus
927 642 1016 704 filiolo
1030 661 1083 706 sno
1097 646 1215 722 nuptias
1229 643 1306 706 face-

136 760 194 826 ret,
215 754 252 812 ab
272 768 306 811 eo
329 759 358 810 et
378 752 506 810 Jounnes
522 749 630 808 Gesscn
652 749 757 823 hospes
780 756 879 809 noster
896 754 1023 809 vocatus.
1061 749 1133 809 Gom
1148 755 1247 810 autem
1263 751 1307 828 (ut

136 859 212 932 apud
235 873 284 916 eos
299 856 443 930 Bavaros,
465 855 567 928 quihus
582 854 750 913 wilhelmus
771 853 828 912 dux
848 852 966 929 praeest)
989 870 1095 929 sponsa
1114 856 1193 914 circa
1213 856 1307 916 ultore

137 963 289 1021 duceretur
310 970 340 1020 et
360 957 535 1020 sacrificulus
557 958 651 1018 adhuc
671 960 814 1017 missitane
834 959 919 1018 altari
934 964 1058 1032 astaret,
1083 960 1147 1032 ipso
1161 957 1239 1020 lucto
1254 977 1305 1034 pa·

135 1069 266 1142 pisticam
282 1067 447 1140 religionem
464 1064 597 1123 deridens
612 1063 725 1136 hospiti·
733 1068 832 1122 nostro
848 1070 877 1122 et
892 1064 956 1122 aliis
971 1064 1079 1124 civibus
1094 1080 1111 1122 e
1126 1065 1215 1124 calice
1230 1081 1304 1139 prm-

135 1172 209 1230 hihit
229 1177 258 1231 ct
272 1172 387 1230 eosdem
403 1186 438 1228 ex
453 1170 515 1242 ipso
538 1169 626 1227 calice
647 1169 685 1226 ad
702 1168 826 1241 aequales
847 1168 966 1228 haustus
985 1169 1085 1228 hihere
1108 1171 1250 1245 permisit,
1274 1175 1306 1230 ut

135 1277 217 1335 testis
233 1282 276 1334 cst
291 1276 309 1333 J
312 1291 418 1334 oannes
434 1273 544 1333 Gessen
559 1279 588 1332 et
603 1274 651 1332 alii
667 1272 830 1347 Augustani
845 1273 920 1332 cives
933 1269 991 1331 fide
1006 1273 1095 1347 digni.

225 1381 338 1440 Samuel
354 1380 431 1454 apud
446 1379 586 1438 Joannem
602 1380 733 1437 comitem
748 1393 765 1435 a
780 1377 908 1449 Retberg
923 1378 1055 1452 coenavit,
1072 1378 1222 1438 uobiscum
1236 1395 1303 1439 reru

136 1487 203 1546 Otto
219 1485 407 1560 argentarius.

225 1589 333 1650 Eadem
357 1589 526 1648 Wilhelmus
550 1587 646 1646 senior
666 1587 799 1662 princeps
818 1602 911 1646 comes
930 1592 960 1645 et
979 1585 1109 1647 dominus
1127 1589 1165 1649 ab
1188 1589 1302 1650 Henne-

127 1674 207 1769 'herg
227 1709 395 1768 responsum
416 1693 529 1752 Alberti
551 1692 722 1750 marchionis
744 1690 780 1748 de
794 1690 985 1766 Brandeburg
1004 1709 1092 1768 supra
1106 1708 1197 1754 causa
1211 1694 1301 1755 iheu

135 1801 203 1859 cisci
218 1799 254 1857 de
269 1798 380 1872 Dalwig
394 1798 477 1857 nohis
492 1798 658 1857 transmisit.

224 1904 417 1974 iuliacenscs,
446 1904 638 1963 Treverenses
664 1906 693 1959 et
715 1900 843 1958 nonnulli
868 1900 917 1959 alii
947 1903 1098 1975 protestati
1118 1907 1188 1961 sunt
1209 1914 1300 1962 corum
1328 1980 1330 1992 Ι

136 2007 256 2066 statibus
272 2007 384 2080 imperii
398 2007 434 2065 de
450 2008 537 2065 nimia
552 2007 700 2066 exactione
716 2006 839 2064 caesaris.
879 2005 936 2065 Sed
957 2008 1025 2079 quia
1044 2005 1148 2066 durum
1167 2008 1226 2068 illis
1241 2023 1302 2068 onu-

136 2116 182 2171 tra
196 2111 339 2169 stimulum
355 2111 513 2184 calcitrare,
530 2112 672 2186 repulsam
688 2113 765 2183 passi
779 2114 855 2169 sunt.
1328 2120 1331 2129 ·

225 2215 336 2272 sinnii
351 2216 499 2274 Mnsculus
515 2233 550 2274 ex
566 2232 627 2288 cap.
643 2217 662 2274 J
663 2231 747 2275 oann.
768 2216 807 2273 15
828 2216 959 2290 repetiit:
986 2216 1187 2289 »Praeceptum
1202 2204 1331 2315 now

137 2320 175 2380 do
191 2319 279 2393 vohis,
296 2325 328 2378 ut
342 2320 466 2393 diligatis
482 2336 532 2377 vos
546 2321 675 2394 invicem,
692 2323 765 2379 sicut
780 2320 867 2379 dilexi
887 2326 1030 2380 vos«.etc.
1069 2321 1205 2382 indicans
1221 2336 1300 2397 quam
1324 2322 1331 2344 ³

136 2426 204 2485 boni
220 2426 404 2498 praeceptoris
421 2423 513 2484 officio
530 2423 660 2484 Christus
677 2425 807 2484 dominns
821 2424 935 2484 fundus
950 2423 1052 2504 fuerit,
1077 2412 1131 2500 qui
1143 2427 1217 2486 nihil
1231 2442 1298 2503 prn-
1325 2406 1328 2441 ³

137 2532 255 2605 ceperit,
272 2531 348 2603 quod
364 2547 421 2589 non
435 2531 511 2589 idem
527 2547 640 2604 qnoque
655 2545 743 2602 opere
757 2530 931 2604 impleverit,
957 2536 986 2589 et
1001 2530 1144 2604 quomodo
1159 2532 1216 2592 hoc
1230 2547 1298 2607 pra·
1329 2526 1331 2559 ³

136 2640 218 2710 cepto
234 2642 348 2695 nostros
364 2635 510 2709 profectus
526 2643 555 2694 et
569 2642 696 2693 nostrum
707 2636 829 2693 salutem
845 2635 1000 2707 quaesierit.
1024 2636 1096 2694 Item
1113 2636 1222 2710 docuit,
1238 2638 1300 2712 quie
1324 2622 1329 2657 ⁵

137 2740 266 2797 Christus
288 2756 339 2798 nos
363 2742 442 2814 prius
464 2741 609 2814 dilexerit,
636 2741 740 2798 nullius
760 2741 805 2798 uel
825 2741 916 2798 nostri
934 2741 1030 2798 meriti
1050 2745 1100 2800 aut
1118 2741 1189 2801 boni
1210 2740 1299 2816 operit
1328 2740 1331 2770 ¹

137 2860 220 2915 ergo,
246 2842 296 2900 sed
316 2860 351 2901 cx
372 2860 452 2903 mera
474 2861 526 2903 sna
547 2850 576 2904 et
598 2846 723 2918 gratuita
743 2844 939 2904 misericordia
958 2846 1044 2903 etiam
1069 2851 1224 2920 antequam
1246 2843 1298 2906 nuti
1324 2830 1332 2877 ἶ

138 2962 278 3020 essemus,
300 2965 351 3006 nos
368 2949 482 3023 decere,
499 2957 531 3008 ut
546 2950 725 3010 dilectionem
741 2966 810 3023 erga
825 2965 922 3009 omnes
936 2948 1111 3023 habeamus,
1128 2952 1241 3011 edumei
1256 2948 1298 3026 qd
1327 2946 1332 2995 ἕ

137 3067 189 3109 nos
205 3053 250 3110 vel
269 3052 396 3112 laeserint
417 3056 460 3113 vel
484 3055 555 3114 nihil
575 3072 699 3128 unquam
721 3056 757 3114 de
771 3054 853 3113 nohis
870 3054 942 3113 hene
964 3054 1059 3114 meriti
1073 3052 1191 3116 fuerint
1230 3056 1297 3115 Nau
1322 3040 1332 3104 ³-

136 3157 398 3217 benemerentibus
420 3158 590 3219 benefacere
613 3162 790 3219 ethnicorum
815 3176 929 3233 quoque
951 3163 995 3216 cst
1009 3164 1038 3219 et
1052 3160 1124 3218 nihil
1139 3159 1228 3236 (toste
1242 3162 1298 3235 ipso
1321 3146 1328 3185 ι

137 3259 264 3333 domino)
279 3265 375 3335 magni
390 3271 442 3323 est.
480 3266 602 3339 Insuper
620 3264 746 3325 ostendit
766 3283 850 3339 quam
870 3264 953 3324 facile
972 3280 1040 3322 caro
1054 3271 1156 3325 noema
1169 3262 1297 3342 supernis
1319 3248 1332 3318 'i

136 3367 276 3424 titilletur.
315 3368 444 3441 Exempli
460 3373 563 3443 gratia
602 3370 632 3428 Si
648 3372 693 3428 cui
708 3372 800 3444 major
814 3370 905 3428 honos
926 3369 1059 3442 contigit,
1080 3371 1106 3428 si
1121 3371 1188 3443 quis
1203 3368 1296 3432 mari
1320 3356 1332 3407 ἴ

137 3472 300 3547 opulentior
322 3479 372 3531 unt
392 3475 455 3532 aliis
474 3476 615 3549 sapientia
635 3482 663 3534 et
685 3476 845 3535 eruditione
865 3479 1001 3548 praestat3
1027 3473 1097 3533 deus
1120 3474 1198 3535 boue
1220 3488 1296 3551 qua!
1321 3472 1332 3513 ’ἦ

136 3578 220 3644 ponci
239 3575 325 3636 faciat
345 3580 516 3653 proximum,
552 3594 615 3637 omn
639 3584 734 3640 nmen
759 3579 889 3639 Christus
908 3580 978 3639 deus
1000 3583 1087 3652 atque
1116 3596 1171 3639 rex
1191 3581 1296 3641 eoehut
1322 3566 1333 3617 ³

136 3690 222 3743 terrae
236 3684 386 3757 sapientia,
412 3685 512 3757 virtuS,
529 3701 608 3743 mens
624 3690 654 3743 et
668 3687 761 3758 imago
777 3701 830 3743 nec
844 3701 902 3743 non
916 3682 992 3743 filius
1007 3685 1176 3757 unigenitus
1191 3684 1237 3745 dei
1249 3698 1293 3760 pt·
1318 3671 1333 3721 *v

136 3792 199 3863 tris,
216 3804 268 3848 uos
283 3793 394 3847 terreos
409 3790 576 3848 vermiculos
592 3789 723 3848 omnibus
737 3789 812 3848 vitiis
828 3794 857 3847 et
879 3790 1033 3864 putredine
1048 3790 1239 3851 scaturientes
1251 3800 1295 3849 m
1322 3782 1333 3827 ἵ

137 3894 289 3952 dilectione
305 3894 437 3967 dignatus
453 3896 504 3968 sit,
526 3895 598 3952 adeo
621 3902 724 3953 utnon
739 3895 829 3952 solum
845 3911 898 3971 pro
914 3895 996 3952 nobis
1011 3895 1099 3953 vitam
1114 3910 1238 3970 ponere,
1251 3888 1295 3953 sd
1318 3880 1329 3923 ἢ

137 3997 377 4072 despectissimam
393 4004 514 4058 mortem
530 4000 621 4056 crucis
636 4001 696 4071 pati
711 4000 843 4059 volucrit.
867 3999 959 4058 Jussit
972 3999 1041 4056 item
1055 4003 1089 4056 ut
1103 4003 1133 4060 et
1147 4000 1237 4075 ipsius
1250 3998 1293 4059 do·
1325 3992 1333 4038 l

137 4101 205 4159 mini
220 4101 349 4173 exemplo
371 4103 395 4160 sl
416 4120 473 4177 qua
490 4102 604 4163 dilectio
619 4110 669 4163 ant
683 4101 781 4163 matris
802 4105 957 4162 necessitas
972 4104 1002 4163 id
1018 4103 1160 4179 exigeret,
1178 4103 1292 4180 periculi
1318 4092 1333 4165 Τ

1319 4228 1324 4323 l
