2678 4546
630 39 674 97 5⁶

60 215 195 277 omnibns
208 214 402 277 obedientiam
416 216 493 289 patri
506 220 646 288 praestare
666 214 786 289 debere,
811 216 923 290 utique,
947 217 1024 289 quod
1039 221 1122 289 pater
1137 215 1238 275 melius

59 324 174 382 noverit
198 327 228 381 et
248 328 429 396 perspectum
452 321 574 393 haheat,
599 320 668 393 quid
689 319 748 380 filio
771 323 863 394 prosit
884 337 918 380 ac
932 338 1030 394 secus,
1055 338 1140 394 quam
1163 320 1238 381 filius

60 443 219 502 agnoscere
233 432 284 485 aut
298 429 371 486 seire
385 428 505 501 ipsemet
519 427 618 500 possit.
655 426 758 499 sicque
774 431 803 484 et
818 426 1023 499 discipulorum
1038 444 1164 486 aurorem
1179 445 1235 486 uon

61 551 96 592 ex
118 534 198 591 omni
217 537 301 607 parte
322 535 466 607 integrum
487 531 587 603 fuisso,
612 533 661 604 qui
676 531 819 590 Christum
840 533 918 604 apud
939 533 1016 605 ipsos
1038 534 1085 591 hie
1105 535 1135 591 in
1157 540 1236 591 terra

60 639 200 697 mansisse
213 639 305 711 magis
320 644 479 714 optassent,
496 655 581 712 quarn
597 638 633 698 ad
649 643 760 696 tautum
773 638 872 696 salutis
888 656 959 711 opus
974 645 1004 697 et
1018 639 1140 712 gloriam
1155 655 1235 697 snam

60 744 193 802 hansire.
232 745 304 801 Item
318 744 393 804 idern
408 744 484 817 fore,
505 746 529 803 si
545 746 608 818 quis
623 746 654 802 in
667 745 745 802 luctu
761 745 798 804 ob
813 744 921 803 obitum
936 748 1088 816 parentum
1104 744 1149 801 vol
1163 745 1233 803 nmi-

59 865 157 908 oorum
171 865 297 909 moerore
312 866 523 924 supervacaneo
538 851 650 923 lugeret
665 850 955 921 contristareturque‚
978 849 1060 920 quasi
1075 848 1131 907 illis
1147 850 1233 907 vitam

59 956 218 1014 beatiorem
231 956 263 1014 in
276 955 387 1015 coelesti
401 957 497 1029 patria
510 956 646 1015 invideat.
685 954 776 1015 Dolor
794 956 882 1025 enim,
907 954 1007 1026 inquit,
1031 955 1067 1013 de
1081 955 1233 1014 amissione

59 1066 212 1134 parentum
225 1062 272 1119 vel
286 1061 441 1120 amicorum
453 1061 549 1133 justus
564 1065 617 1133 est,
633 1076 731 1118 verum
740 1059 764 1117 is
774 1076 840 1118 suas
855 1064 946 1117 metas
956 1058 1053 1131 habet,
1070 1076 1143 1133 quos
1157 1062 1234 1121 ultra

59 1169 189 1241 citraque
205 1167 304 1241 egredi
317 1184 376 1226 non
393 1166 484 1225 decet.
508 1165 541 1223 Id
557 1181 669 1238 quoquo
685 1165 804 1223 notavit.
828 1164 983 1224 Dominum
999 1180 1056 1223 nou
1071 1166 1166 1224 verbis
1181 1166 1233 1227 du·

59 1273 184 1332 rioribus
193 1289 276 1331 usum
285 1289 357 1346 esse,
374 1273 459 1346 quale
468 1277 512 1330 est
523 1271 681 1344 »moriar«,
697 1275 748 1329 aut
759 1271 864 1343 simile;
882 1270 933 1329 sed
943 1286 1103 1330 sennonem
1118 1288 1171 1345 per
1186 1289 1233 1332 sx-

60 1379 230 1449 positionem
239 1380 392 1452 mitigasse,
409 1377 526 1449 scilieet,
545 1376 639 1435 »vado
649 1377 836 1449 adpatrsm«,
853 1376 926 1434 sieut
935 1376 1043 1435 Paulus
1058 1394 1117 1435 non
1128 1377 1233 1436 dixerit

45 1563 47 1567 Ι
63 1484 165 1556 »cupio
175 1484 280 1558 mori«,
290 1484 342 1543 sed
353 1483 489 1541 »dissolvi
498 1484 613 1556 cupio«
628 1482 694 1539 Non
704 1486 749 1539 est
758 1481 887 1538 enimres
897 1480 1106 1555 dignainquit,
1116 1482 1232 1543 duriore

62 1590 191 1649 oratione
206 1587 242 1647 de
256 1593 347 1648 morte
361 1589 437 1647 iuter
453 1587 632 1646 Christianos
648 1587 798 1645 disserere.
839 1585 913 1658 Quid
927 1589 1002 1644 enim
1017 1589 1109 1662 aliud,
1128 1588 1231 1663 inquit,

10 1724 12 1730 =
61 1700 101 1752 est
114 1695 205 1768 mori,
228 1711 314 1769 qnam
328 1694 354 1752 si
368 1696 432 1767 quis
446 1708 586 1752 annosum
601 1693 770 1751 stratulum
785 1692 940 1766 caballum,
965 1694 1013 1765 qui
1028 1697 1089 1752 toto
1106 1694 1151 1753 die
1166 1712 1229 1753 our·

61 1817 120 1859 rum
135 1800 183 1858 vel
197 1786 293 1874 bigam
309 1799 443 1873 traxerit,
456 1800 517 1873 jam
530 1799 637 1857 lassum
653 1797 707 1856 sub
722 1803 833 1857 noctem
848 1798 954 1872 solvat,
971 1800 1151 1872 requiescere
1164 1816 1230 1873 per·

60 1906 166 1979 mittat,
188 1905 305 1963 interim
321 1911 350 1963 et
364 1903 501 1978 pabulum
515 1904 557 1962 illi
572 1904 714 1977 praehens.
752 1904 819 1962 Non
834 1904 932 1974 aliter,
953 1904 1007 1976 ait,
1031 1910 1112 1963 vetus
1133 1913 1231 1966 noster

60 2009 150 2069 Adam
164 2011 196 2068 in
211 2010 279 2084 biga
293 2010 388 2068 carnis
402 2014 579 2067 emaceratus
595 2014 624 2067 et
638 2009 741 2081 anima,
758 2025 821 2081 quae
837 2025 853 2066 e
868 2011 999 2082 supernis
1014 2014 1043 2066 et
1061 2009 1092 2067 in
1106 2027 1231 2086 superna

60 2116 222 2188 revertitur,
238 2117 269 2173 in
283 2115 428 2189 ergastulo
443 2114 572 2187 corporis
587 2114 719 2187 detenta,
736 2114 765 2171 iu
781 2119 873 2172 morto
888 2116 1020 2187 soluitur,
1037 2121 1066 2174 et
1079 2123 1147 2175 tuno
1162 2134 1229 2176 earo

60 2227 87 2279 et
100 2237 168 2280 ossa
182 2221 379 2293 requiescunt,
395 2220 491 2279 anima
506 2234 575 2279 vero
590 2217 683 2277 libera
697 2217 733 2276 ad
748 2218 863 2277 benum
878 2220 1000 2291 patriam
1015 2222 1160 2293 remigrat
1183 2223 1230 2282 Ad

59 2324 145 2399 huno,
156 2323 244 2401 iniit,
265 2325 458 2398 modumpins
477 2323 702 2398 paterfamilias
722 2323 822 2382 morbo
842 2324 1006 2385 debilitatus
1026 2325 1075 2383 ubi
1095 2344 1126 2384 so
1144 2329 1230 2385 morti

56 2432 113 2503 jam
126 2431 253 2490 usinum
267 2429 382 2504 viderit,
398 2429 503 2489 liberos
517 2430 564 2488 vel
579 2431 685 2488 amicos
700 2429 810 2487 hortari
824 2430 870 2486 sel
885 2432 1026 2488 consolari
1041 2437 1151 2504 posset:
1167 2432 1228 2490 No·

59 2537 107 2596 lite
121 2551 247 2596 moerore
262 2533 347 2612 affici,
359 2552 413 2609 ego
429 2536 502 2595 euim
515 2537 576 2609 jam
592 2535 699 2594 dudum
714 2535 744 2591 in
758 2532 813 2593 hoo
825 2532 918 2591 stadio
934 2535 1066 2593 currendi
1080 2540 1131 2593 aut
1146 2536 1229 2610 hrp'ns

59 2642 169 2701 itineris
183 2657 247 2701 snm
261 2646 410 2715 pertesus.
448 2640 531 2699 Vado
546 2640 585 2698 ad
595 2640 733 2712 quietern,
754 2655 812 2697 non
827 2640 947 2710 mori0r;
972 2639 1075 2697 coslum
1090 2645 1227 2714 repetam,

60 2745 106 2804 ubi
125 2727 239 2819 semper
254 2761 319 2804 sum
335 2745 448 2805 domino
463 2762 513 2805 ero
529 2750 583 2804 eto.
620 2746 674 2805 His
690 2744 802 2804 addidit
817 2743 852 2801 de
866 2743 963 2803 verbis
978 2743 1097 2818 domini,
1122 2746 1228 2820 diceus,

59 2854 124 2925 quia
138 2857 223 2925 peter
237 2852 329 2924 mau'or
343 2867 388 2909 me
404 2856 461 2924 est,
478 2868 514 2910 ex
527 2850 582 2910 hoe
596 2852 658 2910 loeo
673 2850 797 2909 Arianos
816 2850 893 2908 virus
908 2867 990 2908 suurn
1004 2858 1155 2924 suxerunt,
1180 2853 1229 2926 qui

59 2955 203 3016 Christum
216 2958 249 3015 in
262 2968 387 3031 persona
401 2962 484 3030 petre
498 2958 638 3015 minorem
652 2972 715 3014 esse
732 2955 952 3014 contendebant.
988 2957 1044 3015 Sed
1059 2958 1082 3013 si
1098 2957 1226 3016 conside·

58 3046 184 3136 restent,
199 3062 306 3137 inquit,
322 3062 350 3121 d.
365 3063 486 3122 Paulum
500 3062 539 3120 ad
554 3062 751 3134 Philippenses
768 3063 802 3132 3,
818 3061 937 3133 aequahs
952 3060 1016 3120 Deo
1031 3061 1123 3120 forma
1138 3068 1228 3121 estut

58 3165 140 3227 homo
155 3170 226 3241 eto,
242 3168 370 3242 elimans
385 3173 414 3227 et
429 3168 521 3227 locum
536 3166 563 3224 d.
580 3166 673 3238 Petri,
697 3166 855 3238 symbolum
871 3181 985 3239 quoque
995 3165 1162 3240 Athanasii,
1178 3169 1226 3241 qui

58 3270 93 3331 de
108 3270 228 3331 Christo
239 3274 290 3346 ait,
307 3274 424 3347 aequalis
439 3275 515 3347 patri
526 3274 610 3346 juxta
626 3270 813 3345 divinitatem,
829 3272 921 3329 minor
937 3276 1020 3343 patre
1031 3272 1115 3345 juxta
1129 3272 1227 3331 huma·

57 3378 176 3437 uitatem
190 3380 245 3435 ete.
267 3379 331 3437 Neo
345 3384 397 3452 est,
413 3378 514 3451 iuquit,
530 3375 605 3434 tilius
615 3375 745 3434 Christus
760 3391 813 3434 neo
828 3377 857 3433 in
872 3376 928 3435 duo
944 3375 1061 3450 divisus,
1077 3377 1128 3436 sed
1142 3394 1226 3436 verus

56 3482 135 3542 Deus
152 3483 279 3543 ethome
296 3500 389 3543 verus.
421 3484 501 3543 Siout
516 3484 551 3543 de
567 3483 631 3541 Deo
646 3487 729 3557 patre
744 3481 840 3539 dicere
855 3496 1017 3553 possumus:
1035 3482 1123 3541 Pater
1138 3484 1226 3541 estin

56 3587 138 3661 ooelo,
154 3592 238 3661 pater
254 3593 298 3646 est
311 3590 342 3647 in
356 3591 451 3647 torris.
478 3589 561 3660 Quod
576 3594 727 3660 utrumque
741 3603 840 3644 verum
855 3590 908 3643 est.
939 3586 1013 3643 Nam
1028 3589 1122 3645 anima
1136 3589 1227 3662 patris

56 3694 85 3753 in
98 3679 188 3769 calo,
213 3710 317 3768 eorpus
336 3713 405 3755 vero
425 3697 455 3753 iu
473 3696 560 3755 terris
576 3701 629 3753 est.
667 3692 707 3750 At
723 3692 759 3749 de
780 3691 824 3748 his
840 3707 870 3748 se
884 3691 1055 3750 luculentius
1074 3691 1114 3750 ad
1126 3691 1226 3750 feriam

56 3804 167 3858 sextam
188 3800 331 3859 dicturum
357 3801 496 3873 promisit.
533 3801 589 3859 Est
607 3801 682 3857 enim
702 3797 849 3854 Masculus
869 3795 1021 3854 verborum
1041 3797 1148 3855 domiui
1168 3795 1224 3852 ele-

57 3905 238 3976 gantissimus
253 3904 448 3977 dispensator,
473 3906 520 3977 qui
536 3921 588 3962 neu
604 3922 691 3962 uuum
702 3905 765 3976 jota
780 3904 825 3960 vel
840 3903 959 3974 apicem,
984 3919 1019 3959 ne
1036 3901 1126 3958 dicam
1142 3913 1226 3956 roon-

59 4005 112 4066 lam
126 4010 307 4068 inexonssam
322 4009 466 4082 relinquit.
496 4007 649 4069 Confinnet
664 4010 693 4065 in
708 4009 770 4080 ipso
786 4008 925 4076 dominus,
943 4004 1019 4076 quod
1034 4008 1168 4074 operatus
1183 4008 1227 4060 est
