2678 4546
74 236 283 299 caduceatores
304 255 372 300 suos
393 240 548 313 electores,
579 242 757 317 cardinales,
786 246 1029 320 archiepiscopos,
1054 249 1197 324 principes
1220 256 1249 310 et

10 360 15 383 ἢ
50 346 53 355 “
74 343 213 417 quicquid
226 350 353 403 statuum
367 346 480 418 imperii
494 346 634 418 nugmtae
654 348 766 421 aderat,
789 349 818 406 in
837 349 945 422 palutio
966 351 1054 423 ipsius
1075 353 1176 411 adesse
1197 354 1246 413 de-

10 492 12 497 .
72 450 143 508 bere
168 449 269 508 edixit
306 447 435 509 Adiuere
457 450 557 510 eodem
582 457 711 524 ternpore
736 460 766 511 et
789 454 891 512 milites
919 458 1022 514 anitati
1046 472 1099 531 pro
1123 460 1248 517 statione

10 547 33 601 ':
74 560 195 613 stantes.
217 554 287 612 Fuit
302 561 398 615 autem
412 553 490 615 lama
503 556 670 615 interimens
685 558 758 617 illud
771 560 886 616 interim
901 560 1053 632 publicitus
1068 560 1173 621 ibidem
1188 562 1246 636 legi

75 660 190 718 debere.
222 658 280 718 Sed
294 659 456 731 videmnus,
479 664 596 733 postera
612 661 682 733 quid
697 669 794 735 portet
807 664 865 721 lux.

162 763 294 824 Eubulus
309 764 388 837 apud
402 763 545 823 dominam
560 771 688 824 nostram
709 769 865 840 principem
886 770 1018 840 coerranit,
1043 768 1092 827 ubi
1111 769 1247 842 principis

10 877 48 917 ···'=
78 869 231 927 consiliarii
260 867 401 943 Georgius
430 886 449 927 a
475 869 682 945 Bemrelburg,
711 873 739 930 ll.
769 873 884 944 doctor,
916 873 1056 932 blelchior
1083 890 1101 931 a
1127 873 1247 933 Horstal

10 983 46 1022 ἐ·
79 971 228 1045 prefectus
243 971 377 1046 Calcidis,
397 971 538 1046 Georgius
554 990 570 1032 a
586 975 736 1050 llIolsbmg
751 985 882 1050 satrapas
896 979 927 1034 in
942 978 1076 1049 Lyciluoo
1091 993 1143 1037 seu
1157 979 1247 1037 amris

10 1090 36 1127 ‘-
78 1076 247 1151 Vulillragen
266 1078 379 1136 Hassis
400 1092 515 1151 quoqne
536 1078 667 1139 aderant.
704 1080 731 1138 A
752 1097 836 1139 coena
856 1081 972 1141 domina
993 1081 1138 1141 Christina
1156 1081 1186 1138 in
1201 1080 1244 1139 fe-

22 1192 36 1231 :
79 1181 176 1241 miliari
197 1181 342 1255 coloquio
361 1181 488 1241 volrado
508 1183 616 1256 retulit,
640 1183 783 1244 donuinam
803 1184 988 1245 catharinam
1009 1202 1121 1245 socrum
1140 1185 1246 1245 Eubuli

13 1298 31 1337 :
78 1288 209 1361 etipsam
225 1285 398 1345 Girristinam
412 1287 552 1359 sauguine
564 1288 680 1359 junctas
700 1304 772 1362 esse,
796 1292 903 1351 excidit
921 1296 1017 1350 autem
1039 1291 1123 1350 modo
1144 1307 1202 1363 quo
1216 1292 1245 1349 in

10 1402 34 1441 τ
77 1391 172 1463 gradu
212 1389 330 1449 Certum
356 1396 402 1450 est
426 1397 522 1450 autem
545 1409 580 1452 ex
602 1392 867 1467 brandenburgensi
890 1395 973 1455 domo
1001 1395 1076 1455 lianc
1097 1396 1245 1471 sanguinis

76 1511 170 1555 earum
183 1497 362 1568 junctionem
377 1512 449 1555 esse.

158 1601 273 1661 Eadem
294 1601 451 1673 plagiarius
471 1601 587 1674 quidam
607 1603 744 1663 advectus
763 1613 819 1678 est,
844 1607 892 1679 qui
912 1607 1051 1680 quosdam
1070 1614 1244 1668 mercatores

75 1705 226 1766 inditione
245 1705 419 1765 marchionis
439 1705 553 1764 Alberti
573 1708 721 1782 spoliaret,
745 1711 812 1769 licet
831 1712 930 1770 Norici
951 1714 1027 1770 cives
1047 1713 1076 1768 in
1091 1728 1143 1771 suo
1157 1713 1242 1771 terri·

10 1828 14 1853 τ
75 1811 144 1871 torio
158 1810 193 1870 id
207 1809 313 1869 famum
328 1809 457 1869 dicerent
471 1827 505 1869 ac
517 1812 681 1887 predonem
697 1814 986 1888 comprehendissent.
1016 1815 1133 1873 Mature
1147 1821 1244 1873 autem

10 1932 21 1971 z
75 1913 169 1975 cesar
180 1915 375 1975 interveniens
388 1916 530 1975 hominem
546 1916 601 1974 lrue
614 1917 772 1989 Augustam
787 1919 825 1978 ud
840 1919 1020 1993 plectendum
1034 1919 1137 1978 edrebi
1148 1919 1242 1993 jussit.

157 2020 281 2079 Domine
302 2021 388 2094 Jesu,
412 2019 480 2079 dum
499 2019 685 2080 fabricatores
707 2024 788 2095 impii
809 2020 950 2082 fabricant-
972 2025 1101 2096 inten'm,
1124 2030 1156 2083 tu
1178 2025 1242 2082 reni

73 2124 181 2183 interea
196 2129 227 2182 et
242 2142 295 2185 nos
309 2142 394 2185 serva
408 2124 447 2184 ab
461 2126 594 2185 intricate
609 2127 722 2184 interim
739 2143 848 2200 nosque
863 2129 951 2188 verbo
966 2136 1016 2188 tuo
1031 2145 1125 2202 pasce.

157 2228 330 2289 crtemirni
350 2230 544 2303 frequentatio
565 2230 612 2288 hic
635 2247 687 2304 per
706 2249 818 2291 menses
840 2234 950 2307 aliquot
969 2235 1006 2293 ob
1030 2233 1241 2306 improbitatem

10 2338 36 2409 Ε
67 2334 147 2408 vulgi
161 2335 310 2394 iberorum
325 2336 488 2395 intermissa
502 2340 555 2393 est.
1003 2406 1006 2413 Ι

34 2446 37 2453 “
156 2439 269 2498 Eadem
289 2457 309 2498 a
329 2438 474 2498 nonnullis
496 2439 578 2498 nobis
600 2439 706 2499 dictum
728 2447 786 2515 est,
819 2442 1015 2501 Colonicnsem
1038 2458 1069 2498 se
1093 2441 1240 2514 obtulisse,

15 2554 43 2618 ς
66 2544 95 2601 si
106 2545 225 2604 comites
240 2543 420 2603 Waldeeiani
435 2544 527 2617 ipsum
543 2541 630 2603 affetu
650 2544 851 2619 dignarentur,
876 2544 953 2619 apud
968 2544 1111 2603 Caesarem
1130 2562 1184 2618 pro
1205 2546 1241 2603 iis

17 2654 49 2723 fi
70 2644 247 2709 neumare
262 2665 295 2708 se
308 2649 391 2708 velle.

22 2752 53 2817 ie
156 2753 328 2815 Ghunradus
350 2771 369 2812 a
390 2753 582 2827 BeurnGburg
604 2771 691 2827 eques
712 2771 761 2812 sex
782 2754 870 2812 millia
892 2753 1019 2829 peditum
1042 2754 1080 2812 ad
1104 2753 1241 2813 merenda

34 2878 63 2919 e:
77 2858 210 2935 rependis
227 2860 312 2933 jussu
333 2859 453 2917 Gesans
475 2858 621 2918 conduxit.
651 2859 905 2939 argentoratensis
924 2873 995 2932 ager
1014 2857 1189 2931 pedetentim
1202 2860 1240 2919 ab

46 2974 70 3019 rt
79 2956 159 3024 bens
172 2964 233 3039 peti
249 2963 365 3024 dicitur.

59 3082 74 3099 ··
153 3069 202 3142 xvj
222 3068 296 3141 Maii
313 3072 382 3125 ante
400 3068 529 3139 quintam
550 3075 691 3128 mercator
712 3066 826 3141 quidam
847 3069 932 3140 venit,
957 3068 1054 3127 volens
1074 3068 1238 3140 gradarium

67 3178 161 3233 :amm
174 3188 283 3247 emere,
306 3188 407 3233 verum
422 3170 493 3229 nihil
507 3171 584 3230 inter
599 3188 650 3232 nos
666 3177 834 3230 conventum
850 3178 902 3230 est.

154 3276 240 3350 Quod
252 3274 424 3349 interimit,
446 3274 507 3334 iere
528 3281 634 3349 practer
649 3275 778 3334 ordinem
797 3274 838 3333 nt.
871 3277 961 3349 igitur
981 3280 1010 3334 et
1030 3276 1091 3335 heri
1111 3275 1182 3333 nihil
1202 3275 1238 3334 de

86 3372 250 3441 'Reum-illo
270 3380 378 3441 factum
400 3386 453 3439 est.
490 3379 562 3438 Haec
581 3385 676 3439 autem
696 3382 856 3454 accepimus
878 3398 896 3438 a
918 3379 1022 3439 Carolo
1045 3398 1063 3439 e
1085 3379 1236 3451 stockem,

91 3476 133 3541 ln·
148 3486 225 3561 apud
248 3486 387 3545 electores
409 3490 439 3543 et
456 3489 548 3543 status
567 3484 679 3559 imperii
700 3483 843 3543 Gaesarem
863 3485 1062 3558 inpraesentia
1080 3482 1237 3543 fratrissui

91 3578 252 3665 'udicandi
274 3591 477 3663 Romanorum,
500 3589 657 3662 Hungariae
677 3595 707 3649 et
720 3589 864 3649 Bohemiae
879 3591 965 3663 regis,
989 3605 1041 3663 per
1057 3588 1237 3647 archiducem

89 3682 294 3754 lmmffianum
315 3695 495 3768 exposuisse,
525 3694 666 3766 quomodo
689 3699 719 3751 et
741 3710 812 3767 quas
834 3693 872 3752 ob
895 3710 995 3752 causas
1019 3700 1048 3753 et
1070 3692 1147 3765 quod
1169 3708 1235 3750 con-

91 3798 172 3857 urna
186 3801 281 3874 gratia
296 3804 326 3858 et
339 3804 461 3873 paterno
476 3799 506 3856 in
520 3800 644 3872 patriam
659 3796 841 3858 Germaniam
856 3798 959 3857 affectu
970 3798 1085 3856 interim
1098 3796 1153 3854 hoc
1167 3809 1235 3852 con-

93 3901 154 3961 urbi
167 3905 295 3978 jusserit,
318 3903 440 3962 maxime
459 3918 529 3962 vero
544 3918 608 3962 eum
621 3902 652 3961 id
666 3903 707 3961 sic
721 3900 784 3961 fieri
803 3904 929 3961 unanimi
951 3917 1089 3961 consensu
1111 3898 1148 3957 ab
1163 3898 1235 3955 clec-

97 4004 185 4082 trlbus,
207 4008 382 4083 principibus
398 4012 429 4064 et
443 4007 562 4067 statibus
576 4009 688 4081 imperii
704 4009 821 4080 petitum
843 4009 889 4065 sit.
921 4008 1045 4078 Exigere
1065 4005 1152 4076 igitur
1172 4000 1234 4058 Gae-

101 4116 179 4169 ream
196 4116 377 4189 majestatem
395 4111 433 4171 ab
447 4110 617 4173 electoribus
637 4112 834 4172 ecclesiasticis
854 4115 884 4169 et
902 4108 1077 4168 secularibus
1097 4105 1233 4180 principi-
