2678 4546
609 80 667 144 f8f

88 262 135 315 ter
149 254 215 315 deri
228 257 343 331 nequit,
366 256 503 316 obediens
522 275 575 330 per
596 261 700 319 omnis„
738 259 797 319 Sed
811 261 836 319 si
858 277 916 319 nou
932 263 1124 321 necessarium
1139 261 1222 340 foret,

88 377 125 419 ιιιι
140 368 228 420 esset
250 361 298 419 Ad
311 359 592 421 baecdtrebsteusis:
613 365 676 422 lloc
690 362 759 422 fecit
772 364 829 423 dux
844 365 997 425 Udelricus
1012 366 1224 442 oWirtenberg

92 465 178 523 multi
191 466 309 523 maximi
322 467 386 539 viri,
402 483 455 526 uec
469 467 557 526 ducet
570 484 664 527 comes
679 476 746 527 tuus
760 468 815 529 boc
826 470 868 528 illi
878 472 923 529 vel
933 470 1068 531 dedecori
1081 473 1126 531 vel
1141 476 1223 532 oneri

88 587 113 629 ie
127 576 183 630 etc.
221 570 277 629 His
298 573 410 646 Viglius
432 572 556 632 addidit:
587 573 672 632 Certe
692 572 820 631 futurum
840 581 901 647 est,
934 580 966 633 ut
985 591 1082 634 omnes
1103 579 1222 635 comites

88 674 271 734 sldeccenses
286 692 383 736 ocrem
406 693 532 736 caesnreu
545 679 698 751 majestate
719 679 750 734 in
765 679 884 751 proprie
904 694 1030 752 persona
1044 681 1157 739 reuiom
1171 680 1220 739 de·

88 781 161 837 ecnri
176 786 320 851 oporteat

135 884 262 944 Domine
280 886 366 959 Jesu,
389 887 433 944 cui
449 887 533 958 jussu
554 887 655 944 eterni
675 887 766 959 petris
787 887 828 943 tui
851 903 935 944 omne
957 902 1032 959 genu
1052 887 1221 960 coelestium,

88 991 229 1047 restrium
244 994 275 1048 et
288 989 444 1049 inferorum
458 991 561 1049 merito
582 1006 616 1047 oc
628 991 705 1062 juste
730 989 870 1061 flectitur,
894 991 932 1049 ds
952 998 985 1047 ut
1006 993 1046 1049 its
1061 1008 1176 1049 summae
1191 994 1222 1051 in

88 1090 131 1151 ris
146 1094 286 1165 potestati
300 1094 440 1166 obediam,
457 1111 493 1152 ne
507 1100 575 1152 tuus
589 1101 685 1153 tamen
700 1094 793 1152 honor
807 1093 938 1152 laedstur.

134 1196 328 1271 Piuziugerus
342 1199 415 1256 nihil
429 1198 523 1257 adhuc
537 1197 638 1257 effecit.
662 1198 689 1255 A
704 1199 826 1272 prandio
846 1199 876 1254 in
891 1198 983 1255 hortis
998 1199 1099 1258 Jacobi
1115 1200 1222 1258 Adeler

88 1301 274 1361 imbulnmus.
318 1303 491 1376 Supervenit
508 1311 603 1362 eutem
620 1304 721 1362 doctor
741 1303 897 1361 Cotzmunu
923 1303 1146 1378 Fritzloriensis,
1173 1306 1221 1377 cpui

88 1410 182 1479 tscopo
197 1405 237 1464 ab
251 1406 429 1465 Hildesbeim
443 1425 462 1466 a
476 1409 593 1466 secretis
609 1414 638 1465 et
654 1409 780 1465 consiliis
796 1413 848 1465 est.

131 1511 217 1568 Inter
233 1510 377 1569 Dutlebeu
391 1513 553 1585 episcopum
569 1512 846 1571 Hildesboimensem
863 1517 892 1570 et
907 1513 1062 1570 Henricum
1078 1515 1220 1570 seniorem

88 1630 145 1673 cem
161 1631 182 1673 e
196 1615 401 1689 Breunsobwig
421 1620 463 1675 ite
476 1616 538 1675 fere
552 1622 723 1676 conventum
739 1622 795 1689 est,
818 1621 850 1674 ut
870 1617 1019 1689 episcopus
1034 1618 1106 1675 duos
1121 1623 1220 1690 portes

88 1723 207 1777 :trorum
226 1724 257 1777 et
280 1737 419 1793 pagorum
438 1723 581 1795 occiperet
597 1728 625 1779 et
640 1721 757 1779 tertiam
780 1727 892 1794 portem
907 1722 968 1793 ejus
985 1722 1110 1794 ditionis,
1134 1737 1220 1793 quum

88 1824 312 1896 epiguoratitio
328 1825 496 1897 possideret,
512 1824 603 1883 donee
618 1827 769 1899 opiscopus
781 1823 928 1882 commode
943 1841 1005 1882 eom
1022 1842 1074 1896 pro
1090 1827 1219 1900 pecrmim

88 1942 164 1999 nme,
182 1944 269 2000 quam
285 1945 375 1988 caesar
390 1946 443 2001 pro
458 1946 542 2003 nequo
556 1935 587 1988 et
599 1931 678 2001 justo
694 1930 821 2001 duceret,
838 1929 980 1986 redimere
995 1936 1100 2000 posset.

132 2032 213 2090 licto
228 2033 316 2091 uicies
337 2039 456 2093 centens
476 2035 566 2092 millia
586 2035 731 2092 nummum
750 2050 769 2090 e
789 2032 909 2091 subditis
924 2033 1218 2092 llildesbeimensibus

88 2135 191 2195 ruricus
207 2135 266 2195 dux
281 2137 318 2195 ab
333 2153 368 2196 eo
382 2143 521 2210 tempore,
543 2155 600 2213 quo
615 2141 737 2212 primum
759 2138 832 2196 banc
847 2139 1027 2211 episcopatus
1043 2144 1155 2210 perteus
1170 2152 1217 2196 oc·

88 2243 170 2315 terit,
187 2243 346 2299 corrosisse
360 2241 474 2301 dicitm.
497 2244 568 2302 llaec
583 2260 692 2302 surmus
707 2249 736 2301 et
755 2259 888 2316 expensae
902 2243 993 2303 litium
1006 2243 1092 2300 simul
1108 2247 1136 2300 et
1150 2243 1216 2300 red·

88 2360 121 2403 rs
142 2345 235 2403 annui
258 2344 397 2403 hactenus
409 2349 530 2420 -recepti
548 2348 674 2405 Henrico
702 2347 767 2404 duci
796 2363 966 2420 permonere
986 2347 1137 2405 debebant.
1175 2348 1218 2404 dc

88 2449 188 2511 uticus
204 2447 263 2507 dux
276 2451 397 2521 quoesite
411 2453 626 2533 opportunitate
642 2452 772 2525 Auguste
793 2451 923 2508 discessit
937 2455 1091 2521 antequam
1106 2450 1135 2506 bi
1151 2466 1217 2520 pro·

88 2566 140 2611 uus
155 2556 324 2611 conuentus
339 2553 436 2626 perfici
451 2560 576 2628 possent.
615 2556 695 2613 Idem
709 2555 767 2612 dux
784 2536 887 2612 dicitur
904 2553 1100 2612 Gosloricnses
1116 2553 1215 2625 postli-

88 2656 132 2717 rio
145 2656 262 2716 duriter
276 2655 415 2730 affligere.

131 2760 202 2819 Dux
215 2761 320 2819 Ericus
334 2779 355 2843 o
368 2763 573 2837 Breunschwig
594 2765 730 2836 proximis
752 2762 912 2820 hisdiebus
927 2778 943 2818 e
959 2760 1067 2819 balneis
1084 2760 1215 2819 Wiesba-

88 2864 172 2927 thus
186 2880 252 2923 cum
266 2881 320 2923 sun
335 2864 444 2923 familie
459 2873 536 2925 totus
551 2868 727 2925 holosericns
741 2869 836 2925 rediit.

131 2960 245 3028 Eodem
258 2969 403 3028 Heuricus
419 2969 509 3029 Grsd't
521 2971 716 3044 Augustanus,
733 2973 782 3044 qui
797 2972 934 3029 hactenus
945 2971 1030 3029 lusto
1041 2970 1216 3029 Colbeclrero

88 3058 202 3143 hoium
217 3070 331 3131 additus
346 3081 420 3145 eret,
435 3091 488 3148 per
501 3076 614 3133 litteras
630 3077 722 3148 petiit,
739 3081 771 3133 ut
785 3075 890 3148 singuli
905 3075 1084 3134 Waldeciani
1099 3077 1217 3133 comites

88 3164 172 3265 *que
186 3174 236 3233 vel
248 3192 300 3235 sex
313 3177 455 3250 thaleros,
477 3196 534 3251 quo
554 3196 659 3251 equum
673 3195 840 3253 comparare
855 3187 966 3252 posset,
989 3180 1030 3237 illi
1050 3186 1146 3236 mutuo
1167 3180 1217 3237 do·

88 3268 301 3359 hredditurus
323 3298 387 3340 eom
407 3285 556 3356 pecuniam
572 3283 608 3342 nd
629 3285 773 3357 proximas
796 3284 938 3342 nundinas
960 3282 1214 3342 francofordiensis.

89 3368 177 3461 'hius
193 3390 240 3443 est
253 3387 344 3459 igitur
359 3404 377 3444 e
392 3386 524 3461 Philippo
545 3394 575 3446 et
588 3389 702 3446 Eubulo
725 3405 776 3445 sex
790 3389 909 3445 thaleris
924 3405 958 3446 ac
982 3390 1098 3448 seruitio
1113 3389 1216 3447 libora-

91 3484 320 3675 Herebumur
340 3493 425 3565 euim,
446 3506 482 3550 ue
502 3510 537 3551 ex
559 3492 693 3551 nundinis
709 3490 949 3551 francofordiensis
969 3494 1094 3551 calendar
1115 3511 1216 3565 genem

94 3678 246 3777 ¹[Eadem
259 3697 396 3759 Liberius
418 3701 456 3759 ud
471 3701 595 3773 l'iglium
617 3706 646 3759 et
662 3702 774 3760 Selduur
790 3703 893 3760 missus
909 3711 969 3777 ost,
987 3710 1018 3761 ut
1034 3706 1136 3777 quibus
1152 3710 1215 3760 tart·

124 3802 304 3861 ceremoniis
319 3806 516 3877 prosternatio
532 3810 599 3863 ente
614 3822 748 3864 cessarem
757 3805 888 3866 facienda
904 3814 980 3866 osset
994 3814 1023 3865 et
1038 3809 1139 3880 quibus
1155 3822 1217 3863 vor-

176 3907 270 3966 ecatio
289 3906 386 3981 deret,
410 3909 478 3967 item
501 3925 557 3981 quo
580 3916 722 3983 tempore,
746 3917 857 3983 peteret
872 3929 984 3994 quoque
1009 3918 1041 3969 ut
1055 3913 1157 3969 litterae
1172 3926 1216 3966 ro-

199 4012 280 4089 (ncm
295 4017 327 4070 ct
339 4015 433 4071 nostri
448 4012 582 4072 Germani
598 4015 674 4086 quod
687 4017 743 4073 illis
759 4016 829 4073 bene
845 4017 883 4073 sit
898 4017 1107 4074 Remissbricve
1122 4012 1216 4071 dicere

115 4102 120 4185 J
183 4114 209 4189 t)
231 4117 482 4177 conscriberentur
502 4124 531 4176 ct
550 4120 628 4190 prius
649 4119 692 4176 nd
706 4120 853 4178 tttrurdmn.
879 4121 1093 4189 titiunculum:
1111 4120 1215 4177 sci-itm-
