2678 4546
646 39 708 64 un

88 188 200 246 initium
215 185 317 261 capitis
340 187 379 244 13
400 182 531 257 ejusdem
551 181 680 254 epistola
700 179 820 239 scilicet:
843 178 942 238 Omnis
961 179 1057 239 anima
1074 180 1266 255 potestatibus

88 291 285 364 superioribus
300 290 339 347 sit
353 288 477 349 subdita.
513 287 598 346 «Non
612 290 657 344 est
671 286 745 344 enim
761 288 899 358 potestas,
915 285 971 342 nisi
986 301 1004 344 a
1017 284 1092 358 Dee,
1117 301 1184 359 quse
1199 302 1266 346 vcro

89 401 156 455 sunt
170 400 337 469 potestates,
351 393 442 453 aDeo
458 393 597 452 ordinatae
613 395 699 450 sunt«
716 394 771 446 etc.
795 389 851 446 Hic
864 390 958 464 primo
973 406 1059 463 quam
1072 390 1130 450 late
1145 407 1179 450 se
1194 408 1266 465 prta

89 506 201 573 ceptum
223 499 293 558 illud
315 497 464 572 extendat,
489 501 625 568 utquam
649 509 731 552 nemo
752 493 800 552 hic
824 496 999 569 excipiatur,
1028 496 1089 554 siva
1111 496 1265 570 propheta,

89 605 150 663 sive
172 605 331 678 episcopus,
355 604 416 661 sive
434 602 620 674 Evangelista
640 605 708 673 stc,
732 600 790 658 imo
810 613 864 656 nec
881 599 1016 659 sacerdos
1037 615 1091 658 nec
1109 601 1266 660 monachus

89 725 125 766 ex
140 708 168 766 d.
185 707 388 780 chrysostomo
403 711 432 766 et
447 707 511 765 aliis
527 705 653 764 classicis
673 720 762 762 sacra
782 703 935 777 theologia
956 704 1121 764 doctoribus
1140 705 1265 765 edocuit.

90 815 241 886 Itemque
256 827 344 871 causa
357 811 554 885 apostolorum
568 808 606 868 od
620 810 683 867 haec
696 815 755 868 tam
776 808 852 866 serio
871 808 985 881 agenda
1004 809 1144 883 adegerit
1177 810 1266 868 Nimi-

89 934 152 976 rum
175 915 252 991 quod
272 916 366 975 exorti
388 920 497 989 essent,
521 915 571 988 qui
590 912 748 972 christiana
767 913 901 972 libertate
924 913 962 972 sd
984 912 1148 974 hbertatam
1171 915 1266 973 carnis

89 1024 169 1084 abuti
183 1023 371 1082 conabantur.
402 1020 518 1079 Diserte
533 1017 632 1091 ethic,
649 1034 714 1091 quae
730 1034 799 1077 vera
814 1018 851 1075 sit
866 1016 1022 1076 christiane
1036 1016 1159 1077 libertas
1173 1024 1266 1078 osten·

90 1127 142 1202 dit,
165 1127 274 1186 scilicet
292 1142 346 1186 nos
366 1124 529 1182 meminisse
548 1138 600 1197 per
621 1121 766 1182 Christum
787 1122 824 1182 ab
844 1122 990 1182 elementis
1010 1121 1108 1182 mundi
1131 1122 1227 1198 huius,
1248 1141 1267 1183 a

92 1231 234 1304 Sathena,
258 1228 364 1288 mundo
385 1232 416 1287 et
436 1225 536 1286 inferis
559 1227 712 1300 liberatos,
741 1232 771 1286 et
792 1225 870 1300 quod
893 1228 923 1284 iu
947 1226 1064 1287 Christe
1085 1227 1266 1287 manentibus

91 1341 211 1411 peccatu
232 1334 364 1394 nocitura
383 1350 441 1392 non
461 1333 527 1405 sint,
552 1348 586 1390 ac
607 1348 777 1407 agnoscere,
800 1348 854 1391 uos
874 1331 981 1392 habere
1002 1331 1150 1392 chrisum
1170 1349 1265 1406 regem

91 1439 286 1512 liberatorem,
310 1444 339 1497 et
358 1438 480 1498 cundem
501 1452 564 1497 csse
583 1437 729 1496 dominum
750 1436 924 1511 coelestinm,
947 1436 1128 1496 temestmum
1148 1443 1179 1498 et
1197 1435 1266 1497 infe

92 1561 199 1616 rorum,
223 1542 371 1602 sedantem
386 1542 425 1601 ad
440 1542 588 1602 dexteram
603 1543 703 1617 patris.
733 1542 818 1600 Hanc
832 1524 929 1601 autem
949 1557 1012 1601 esso
1031 1540 1197 1601 libertatem
1212 1542 1265 1615 spi·

91 1650 179 1723 ritus,
202 1653 233 1706 ct
254 1647 342 1721 igitur
364 1649 486 1707 maxime
508 1648 546 1708 ob
569 1646 714 1706 Christum
735 1647 782 1705 vel
804 1647 883 1720 quod
906 1646 1062 1706 Christiani
1084 1661 1196 1720 sumus,
1219 1663 1263 1704 su-

91 1751 254 1829 perioribus
274 1769 327 1813 nos
347 1753 465 1814 obedire
484 1753 589 1812 debere
610 1757 664 1810 etc.
696 1752 823 1810 Locutus
845 1757 890 1811 est
910 1756 940 1811 et
959 1751 995 1811 de
1008 1751 1055 1825 iis,
1079 1752 1130 1825 qui
1144 1767 1177 1810 se
1191 1752 1264 1826 ipses

92 1862 229 1919 immunes
248 1874 267 1916 a
283 1858 410 1931 jmaibus
430 1858 592 1918 sublimium
614 1860 790 1930 potestatum
810 1855 955 1930 fecerunt,
979 1856 1087 1915 scilicet
1105 1872 1184 1931 papa
1204 1873 1263 1916 cum

93 1964 153 2022 suis
167 1963 308 2038 episcopis
323 1968 353 2022 et
367 1962 502 2036 quicquid
517 1978 701 2035 squamarum
716 1966 760 2020 est
779 1962 864 2035 hm‘us
885 1962 1024 2035 purpurei
1043 1959 1188 2036 moenis,
1211 1978 1264 2021 mu

93 2083 151 2141 guo
165 2065 329 2139 reipublice
344 2065 508 2126 christianae
527 2065 670 2126 scandalo.
701 2067 741 2124 Et
760 2071 905 2139 postremo
926 2070 1067 2138 quatenus
1087 2066 1264 2141 magistratui

94 2171 132 2230 ait
150 2169 349 2230 obediendum.
380 2171 415 2229 ln
429 2172 559 2231 omnibus
574 2171 708 2231 uidelicet
723 2171 763 2230 eis
779 2185 841 2229 esse
856 2169 1051 2242 praetendam
1065 2170 1263 2240 obedientium

93 2279 201 2349 prater
215 2275 246 2332 in
260 2273 314 2348 his,
338 2289 402 2347 quae
417 2280 517 2334 contm
530 2275 668 2334 honorem
687 2273 795 2333 Christi
814 2274 993 2348 precipiunt,
1016 2274 1046 2333 id
1060 2275 1154 2348 ipsum
1174 2275 1265 2334 multis

94 2379 301 2455 scripturarum
315 2379 486 2439 testimoniis
506 2378 686 2439 confirmans.
717 2379 823 2438 Docuit
842 2385 871 2439 et
890 2380 1022 2452 quisnam
1041 2379 1088 2452 sit,
1113 2380 1164 2452 qni
1184 2377 1266 2438 habet

94 2483 251 2545 mansferre
274 2500 364 2559 regua
383 2491 412 2544 et
431 2483 546 2544 amerus
566 2486 684 2560 spiritus
705 2482 880 2558 principum3
903 2485 972 2542 item
992 2490 1025 2543 ut
1039 2500 1104 2557 quas
1125 2483 1184 2544 Dei
1197 2485 1265 2555 Deo,

94 2609 159 2666 qnoe
186 2592 302 2649 casaris
329 2591 430 2649 caesari
457 2589 590 2649 daremus
613 2590 698 2662 iuxta
724 2589 922 2661 praecriptum
945 2588 1052 2648 domini
1080 2590 1176 2650 nostri
1200 2590 1267 2649 Jcsu

95 2695 216 2768 Christ,
240 2695 286 2752 cui
306 2710 368 2752 cum
384 2699 468 2768 patre
483 2699 512 2752 et
527 2711 551 2751 s.
568 2695 672 2768 spiritu
688 2695 779 2752 omnis
795 2695 833 2752 sit
847 2693 939 2752 hones
954 2697 985 2751 ct
997 2692 1100 2766 glorio.

182 2799 209 2856 A
225 2799 361 2858 concione
374 2798 486 2858 litteras
501 2798 529 2856 d.
545 2797 712 2858 hlelchioris
732 2797 769 2857 ab
786 2797 869 2870 Ossa,
892 2796 920 2855 d.
943 2797 1081 2857 Udalrico
1102 2797 1269 2858 Mordcisan

95 2905 209 2980 ipsimet
230 2901 392 2974 detulimus,
415 2907 552 2976 rogantes
571 2909 603 2960 ut
626 2909 655 2962 et
678 2901 793 2962 easdem
815 2903 926 2962 doctori
948 2902 1055 2962 Joanni
1075 2901 1269 2976 Strombargio

48 3043 52 3050 ·
93 3007 229 3084 legendas
246 3007 337 3067 daret.
369 3004 521 3066 Udalricus
536 3023 567 3066 se
582 3005 665 3066 nobis
681 3009 835 3067 humanum
850 3006 993 3078 exhihuit;
1017 3006 1191 3066 contulimus
1208 3022 1268 3064 cuu

96 3129 130 3173 eo
152 3111 188 3172 de
210 3111 363 3184 nonnullis,
387 3127 422 3171 ea
442 3117 538 3170 manen
559 3112 624 3187 lege
647 3113 802 3173 &cessum
825 3118 885 3185 est,
908 3118 941 3171 ut
961 3112 1046 3171 ambo
1069 3110 1205 3171 doctores
1225 3111 1269 3170 dic

96 3223 258 3293 opportuno
282 3232 336 3275 nos
360 3216 524 3276 inviserent.
564 3218 628 3276 Hoc
651 3224 748 3277 tumui
772 3218 911 3291 expiscati
934 3232 1048 3290 snmus,
1071 3216 1187 3276 multam
1209 3215 1269 3276 iore

95 3321 328 3383 intercessionem
343 3320 423 3380 dnus
437 3321 482 3383 sui
496 3322 636 3396 Mauritii‚
661 3324 709 3396 qui
726 3338 826 3381 novem
842 3323 1019 3396 septimanas
1035 3323 1064 3380 in
1085 3322 1208 3397 propria
1221 3337 1270 3380 sua

97 3443 184 3486 ceusu
198 3441 367 3498 responsum
382 3427 507 3486 nancisci
527 3444 585 3488 nou
604 3427 740 3501 potuerit,
763 3443 831 3487 vere
851 3426 906 3501 ipsi
931 3432 963 3485 ut
981 3426 1037 3486 rite
1056 3425 1198 3487 Mauritio
1216 3426 1270 3485 dici

97 3537 207 3606 posset:
231 3529 353 3604 Medico,
376 3533 512 3605 teipsum
531 3548 612 3591 cura.

186 3634 296 3696 Eadem
319 3652 372 3711 per
399 3635 570 3697 dominicum
597 3641 779 3695 transeuntes
801 3635 972 3695 Michaclem
998 3635 1143 3695 illumne
1171 3631 1270 3695 confir·

96 3741 221 3802 motione
244 3742 384 3814 papistica
405 3758 458 3800 sua
481 3741 716 3800 sermocinantem
740 3746 769 3799 ct
793 3741 952 3800 audivimus
976 3744 1006 3799 et
1028 3739 1163 3799 uidimus.
1204 3737 1271 3797 Rari

97 3854 190 3906 autem
210 3846 357 3906 auditores
377 3845 508 3904 aderant.
547 3844 618 3904 lude
638 3845 786 3905 Liberium
808 3846 969 3917 mulsimus,
993 3845 1051 3917 qui,
1074 3843 1140 3905 Deo
1161 3844 1269 3919 μύω,

97 3951 197 4010 melius
214 3951 321 4010 habere
337 3950 435 4025 coepit.

187 4054 306 4114 Fratres
331 4054 436 4127 nostri,
460 4052 647 4114 Wundeliuus
675 4060 704 4116 et
729 4055 848 4116 Lindius
871 4072 890 4115 a
911 4053 1195 4116 Volckmarionsrbus
1217 4052 1270 4113 lilla
