2678 4546
618 49 659 113 al

48 245 119 303 gans
135 234 170 288 ut
183 229 231 289 vel
245 230 343 304 aliquo
364 246 417 290 nos
437 245 575 306 responso
598 230 779 304 dignaretur,
801 233 825 290 si
839 229 912 291 lorte
934 238 1086 305 antequam
1102 234 1157 306 ipsi
1171 247 1217 293 re·

49 339 229 394 verteremur
244 336 395 410 episcopm
410 335 449 394 ad
463 335 638 395 mansionem
654 351 734 393 suam
743 336 863 395 reniret.
887 336 998 396 Aderat
1013 343 1043 395 et
1058 338 1217 412 inauspica-

49 446 94 498 tus
108 439 277 499 Malvenda.
317 438 504 499 Wendelinus
525 440 678 512 assumptis
702 438 838 499 fratribus
863 443 967 499 nostris
982 446 1096 499 tentare
1118 441 1217 513 voluit,

49 562 85 603 an
100 545 194 618 possit
209 543 266 602 illis
281 541 402 602 facultas
418 543 600 603 archiducem
617 544 780 617 alloquendi
794 544 951 618 obtingere,
974 550 1006 603 at
1028 546 1097 603 nibil
1113 546 1216 605 evenit.

137 650 166 708 A
180 645 301 722 prandio
323 646 478 721 hospitium
493 648 692 708 Atrebatensis
714 651 910 723 repetivimus,
940 653 988 723 qui
1003 652 1033 708 in
1047 650 1132 711 horto
1154 667 1217 708 omn

51 755 183 829 nymphis
204 751 414 813 deambulabat.
458 752 529 812 Post
555 754 687 827 pusillum
711 756 847 827 temporis
870 770 1023 828 germanus
1044 756 1105 827 ejus
1128 752 1217 814 frater

49 861 128 918 canit
142 859 249 930 etipse
264 855 379 916 hortum
393 857 514 931 intrans,
530 859 681 931 statimque
699 874 847 932 reversus,
873 875 956 932 quem
971 874 1037 917 mox
1052 859 1218 918 subsecutus

50 969 93 1022 est
107 961 201 1022 frater
215 964 375 1036 episcopus.
415 961 502 1036 (lujus
517 960 679 1038 conspectui
695 981 757 1023 cum
775 981 826 1023 nos
843 963 1042 1023 exhiberemus
1057 965 1110 1022 ait:
1135 962 1218 1022 Certe

50 1069 143 1127 adhuc
163 1066 235 1125 nihil
257 1068 339 1142 potui
362 1066 501 1126 casarea
522 1069 667 1140 majestati
692 1067 809 1128 reterre.
854 1069 982 1141 Rogatus
1003 1070 1166 1142 igiturest,
1187 1073 1218 1126 ut

50 1174 171 1247 quesita
186 1168 303 1233 tandem
317 1173 531 1247 opportunitate
546 1188 598 1231 nos
620 1172 829 1232 commendatos
851 1173 957 1231 babere
973 1172 1049 1231 velit.
1089 1171 1172 1243 Quod
1187 1188 1218 1230 se

50 1277 192 1338 iacturum
213 1279 333 1351 recepit,
357 1276 407 1335 sed
428 1276 484 1335 fide
508 1280 553 1352 (ut
568 1278 635 1335 mihi
651 1275 762 1349 videor)
783 1277 883 1351 aulica.
924 1277 962 1335 Et
978 1276 1039 1334 brec
1062 1278 1145 1348 hujus
1163 1277 1217 1335 diei

52 1381 238 1457 austrapio
252 1387 324 1441 erat

139 1485 258 1545 Interim
279 1492 374 1544 autem
398 1487 581 1561 cognovimus
605 1492 672 1546 ante
693 1487 754 1546 dies
777 1487 935 1561 complures
955 1502 1069 1545 causam
1094 1486 1218 1561 Philippi

50 1593 162 1653 comitis
178 1607 196 1650 a
210 1590 330 1650 Nassam
350 1598 380 1651 at
398 1599 526 1652 nostram
549 1592 715 1667 imperatori
730 1592 886 1664 expositam
902 1608 972 1651 esse.
1012 1591 1069 1651 Sed
1082 1593 1144 1650 haec
1158 1608 1217 1651 ma·

52 1699 124 1757 teria
155 1711 214 1756 non
238 1694 322 1756 facile
353 1692 505 1756 resolvitur
534 1698 589 1757 nisi
617 1703 739 1771 patrono
765 1712 894 1769 nummo,
926 1712 977 1754 nec
1005 1696 1136 1755 obularia
1158 1698 1219 1755 haee

52 1817 96 1862 res
110 1807 166 1862 ast.

139 1906 245 1967 Frater
264 1906 464 1967 atrebetensis
491 1910 604 1967 nomine
634 1908 755 1968 fratrum
784 1916 958 1980 nostrorum,
990 1907 1154 1980 quibuscum
1178 1905 1218 1964 illi

55 2010 220 2071 Wormatioe
243 2011 348 2071 uotiua
370 2013 504 2086 contigit,
525 2017 558 2073 ut
576 2020 703 2072 nostram
719 2028 833 2073 causam
847 2012 924 2086 apud
940 2011 1157 2070 atrebatensem
1169 2013 1216 2085 ju·

13 2121 142 2191 varst,
165 2132 220 2191 per
234 2114 378 2177 Eubulum
391 2122 511 2190 rogatus
526 2123 578 2175 est
616 2118 766 2177 Pollicitus
782 2116 872 2176 ethic
888 2123 930 2174 est
946 2122 1056 2176 montes
1072 2133 1175 2176 aureos
1190 2125 1219 2177 et

10 2212 104 2280 f'nos
118 2236 220 2282 omues
235 2222 305 2282 duta
317 2222 438 2283 dextera
452 2222 596 2282 salutavit.

10 2296 29 2375 4
137 2325 273 2387 Eadem
264 2343 297 2386 ιιι
311 2332 395 2387 nocto
408 2325 468 2385 lixa
482 2325 597 2399 quidam
612 2327 771 2387 consularis
786 2330 924 2401 Augustae
940 2326 1116 2385 clandestine
1131 2328 1219 2385 intar-

10 2378 32 2475 4
60 2438 161 2508 emptus
184 2438 237 2491 est.
282 2431 423 2491 Dominus
440 2431 476 2492 de
491 2432 659 2493 Emmerseil
681 2431 802 2490 Caesaris
823 2432 915 2490 aulam
936 2431 1118 2497 subsecutus,
1146 2431 1218 2490 Bra

18 2538 33 2581 '·'
62 2534 194 2612 bmdnus,
209 2538 350 2614 Auguste
363 2538 493 2598 moritur.

24 2634 39 2719 4,
137 2642 215 2704 Dido
240 2643 277 2705 de
303 2643 488 2717 Kniephuseu
522 2660 577 2716 quo
601 2643 722 2716 Viglium
745 2645 775 2700 in
796 2658 847 2701 suo
874 2643 988 2714 negotio
1011 2642 1219 2713 vigilantiorem

29 2730 40 2803 4
65 2747 194 2822 moeret,
215 2749 273 2824 ipsi
287 2754 388 2822 patera
403 2749 543 2809 deaurata
556 2749 721 2822 octuaginta
736 2744 910 2806 florenorum
931 2744 1040 2803 libavit.

138 2854 280 2913 Ernestus
298 2853 356 2912 dux
381 2853 572 2924 renunciavit,
596 2869 628 2911 se
652 2854 788 2912 hactenus
812 2853 891 2927 apud
911 2853 1061 2911 electorem
1081 2853 1111 2910 in
1134 2868 1217 2911 causa

36 2950 39 3013 i
67 2962 154 3018 basma
175 2956 248 3017 nihil
267 2955 402 3017 effecisse.
449 2956 558 3018 Eadem
583 2958 620 3018 ad
642 2959 842 3018 Baltbasarum
858 2957 1033 3032 Gultlingum
1055 2958 1217 3031 perscripsi.

64 3056 152 3121 &mes
165 3061 310 3121 Antonius
324 3063 362 3122 ab
377 3061 540 3138 Eisenburg
555 3063 680 3123 nondum
701 3067 730 3121 in
745 3066 864 3137 gratiam
882 3062 1003 3122 Caesaris
1018 3068 1150 3136 receptus
1165 3069 1217 3121 est.

137 3182 175 3224 ur
190 3167 263 3241 hiaji
285 3168 316 3227 iu
338 3168 445 3242 templo
458 3168 605 3228 Minomm
620 3167 648 3227 d.
665 3167 834 3228 Leonardus
857 3185 893 3227 ex
914 3168 1096 3242 evangelistis
1120 3183 1219 3225 rursus

59 3267 90 3328 de
105 3269 252 3331 commodo
271 3276 301 3330 at
319 3269 413 3332 fructu
436 3273 609 3332 ascensionis
626 3272 772 3332 dominicae
792 3272 928 3332 disseruit
948 3280 977 3331 et
993 3274 1167 3345 potissimum
1184 3271 1219 3330 de

59 3376 172 3436 utieulo
186 3373 254 3437 fidei
270 3381 389 3436 noema:
412 3376 550 3436 Ascendit
571 3378 609 3436 ad
633 3379 736 3452 coelos,
759 3377 840 3437 sedet
859 3378 896 3437 ad
913 3379 1041 3436 dextram
1061 3378 1115 3437 Dei
1129 3378 1219 3451 patris

57 3482 254 3555 omnipotentis
267 3487 321 3541 ato.
345 3481 406 3546 llas
421 3489 516 3541 autem
532 3483 603 3542 duas
619 3485 783 3556 sententias,
804 3483 910 3542 «Dedit
925 3483 1000 3543 dona
1015 3483 1176 3543 hominibus
1191 3492 1220 3542 et

54 3587 187 3661 pracepit
202 3588 245 3646 eis
260 3602 298 3646 ne
312 3586 349 3646 ab
358 3586 570 3660 Hierosolymis
586 3586 781 3660 discederent,
807 3589 897 3648 donec
912 3591 1018 3647 virtute
1033 3588 1220 3648 induerentur

52 3706 86 3751 m
99 3694 179 3753 alto»
196 3693 373 3767 potissimum
383 3693 513 3767 urgebat,
525 3694 654 3752 indicans
665 3708 749 3765 quam
760 3692 830 3751 nihil
844 3693 911 3751 boni
922 3709 957 3750 ex
973 3694 1054 3752 nobis
1070 3695 1139 3765 ipsis
1155 3708 1220 3766 pro·
1310 3674 1319 3681 ⁶

52 3800 156 3858 veniat.
181 3795 337 3857 Proferens
353 3797 511 3870 exemplum
527 3797 622 3870 Petri,
645 3798 694 3870 qui
709 3799 781 3858 adeo
797 3798 913 3857 timidus
928 3798 1023 3870 inerit,
1041 3801 1072 3854 nt
1087 3797 1140 3855 snb
1154 3811 1218 3868 pas·

50 3898 129 3963 iisne
143 3901 253 3962 domiui
274 3916 345 3961 voce
364 3903 450 3961 etiam
466 3902 640 3960 mulierculae
656 3904 774 3960 territus
790 3901 933 3962 Christum
949 3900 1143 3974 abnegaverit,
1161 3905 1190 3957 et
1204 3918 1219 3957 e

50 4015 168 4081 cauma,
191 4012 317 4080 quantus
337 4005 425 4066 fuerit
448 4007 533 4079 hujus
549 4007 670 4079 apostoli
686 4006 772 4064 ardor
786 4009 816 4064 in
832 4006 960 4079 Christo,
986 4023 1049 4063 cum
1066 4006 1169 4082 virtute
1184 4021 1220 4063 ex

52 4112 107 4172 alto
121 4110 241 4173 indutui
255 4118 341 4186 esset,
356 4113 398 4172 ita
414 4119 518 4172 utnon
534 4112 624 4172 solum
641 4112 821 4185 negationem
838 4127 916 4170 suam
937 4109 1145 4181 deploraverit,
1170 4110 1219 4170 sed
