2678 4546
112 238 225 312 arpenn·
237 236 394 297 hahentur.
430 235 558 297 Taele·
570 234 746 299 Grerenthnl
760 244 974 315 pervenientes.
999 244 1047 303 uhi
1061 244 1202 303 Jtnnnenn
1217 242 1274 305 tia·

112 346 248 417 luctam,
268 344 448 405 intorem
467 360 579 403 smum
597 360 626 403 et
640 345 783 404 Jouunenn
805 348 886 407 nohis
908 366 926 407 a
941 349 1062 423 pudibus
1076 368 1140 407 euno
1156 352 1276 409 sarcinis

112 450 304 523 relinquentes
321 464 374 507 nos
387 460 470 507 reeta
482 450 655 509 Stlreldiem
674 454 805 524 pommus.
845 454 990 513 Evenerat
1004 468 1100 513 nutem
1116 454 1273 527 ll'oltlgnn·

112 573 175 629 gum
190 558 321 617 nominem
340 574 360 615 a
373 554 511 615 Gleiehen
525 568 555 615 et
570 556 715 615 minum
734 558 764 613 in
784 557 987 617 Blnnrheheim
1007 576 1124 619 monum
1148 576 1275 621 nostram

111 678 174 721 cum
185 678 287 722 sorore
300 661 425 720 Aemilio
443 662 474 718 iu
491 660 635 721 Sslreltlia
652 664 781 721 consitio
803 666 951 737 excipere,
974 678 1004 723 et
1025 682 1098 739 pene
1120 666 1273 729 otuitlerut.

110 775 141 827 nt
153 768 232 842 ipsos
245 768 277 825 in
291 766 362 825 urhe
376 764 473 825 adhuc
486 767 699 825 interimemus.
722 768 858 827 Transito
873 778 968 827 nutent
985 770 1060 827 snae
1075 771 1150 829 tutlo
1166 772 1273 831 Rudel·

109 873 232 932 snitum
245 872 285 932 tul
298 872 495 931 thuri-‘summ
508 886 620 929 samum
635 882 665 931 et
680 888 798 931 uxorem
813 874 877 931 soni
891 884 920 931 et
936 875 1041 947 integri
1056 874 1184 949 tt'ltristo
1199 892 1273 933 sent·

108 979 219 1052 piterne
234 980 272 1037 sit
285 976 394 1052 mua)
408 977 598 1053 peneninoa.
634 976 675 1037 Et
688 980 755 1051 quio
770 994 870 1037 socrus
886 976 960 1037 tilios
975 990 1176 1053 exportaverat
1191 980 1274 1039 solito

110 1100 198 1145 coenm
212 1086 286 1145 hora
300 1102 359 1144 urm
373 1086 558 1144 consumas
580 1085 683 1158 ltaque
697 1100 762 1143 cunt
776 1084 912 1144 dieloris
927 1098 994 1145 onte
1010 1087 1162 1145 seeundum
1176 1102 1274 1161 ponte·

110 1190 250 1249 tilianam
265 1206 285 1249 a
298 1190 481 1263 Xorinhergn
495 1191 665 1259 abierimus,
688 1190 734 1248 die
756 1190 868 1249 sohbuti
882 1192 958 1249 eirca
973 1193 1122 1264 septinnio
1137 1192 1182 1251 rel
1196 1200 1274 1251 ottu-

110 1310 172 1352 rnm
186 1296 279 1354 noctis
297 1293 514 1353 Budelstetlinm
533 1295 725 1368 pervenimus.
762 1294 859 1354 Distat
874 1305 969 1356 antem
984 1298 1166 1373 Norinherpo
1181 1316 1199 1357 o
1215 1298 1274 1357 Ru·

110 1399 250 1459 delstadio
264 1400 388 1458 miliaria
402 1401 504 1474 tigirui
517 1402 655 1473 quinque.

192 1504 375 1563 Rudelstatlii
400 1522 437 1565 ex
464 1506 570 1565 nostris
596 1520 662 1563 cnm
681 1521 771 1565 urere
792 1506 930 1580 nprnphos
953 1508 1044 1567 Eram
1059 1526 1078 1567 a
1098 1508 1273 1583 ll'irtzhetg,

109 1609 231 1670 hlamam
240 1618 271 1669 et
280 1612 396 1671 Anum
409 1626 522 1669 sorores
536 1626 689 1685 mumanae
704 1608 857 1669 Galacteos
872 1612 991 1687 nobiles,
1006 1614 1148 1673 locantem
1163 1614 1272 1673 allon·

110 1712 176 1788 tels,
199 1715 382 1775 Joachimum
396 1732 414 1773 a
430 1715 531 1774 Sultler
544 1722 574 1775 et
588 1714 789 1774 l'olchmarum
803 1733 822 1775 a
837 1714 1095 1791 Genurrshnuseh,
1117 1718 1273 1777 llenricunt

112 1825 137 1878 et
144 1820 284 1880 loannem
295 1818 417 1879 inunnlos
431 1828 461 1879 et
467 1820 686 1880 Bnrekhnrdum
701 1823 840 1893 nuntium,
857 1823 1058 1881 t'olekmarunn
1073 1840 1091 1883 n
1103 1820 1198 1897 liugn,
1212 1822 1274 1881 l'ri·

111 1924 231 1985 clericum
249 1926 378 2000 aBergo
399 1929 568 2001 reperimus.
621 1927 681 1985 Sub
701 1932 814 1985 noctem
836 1926 951 1986 domina
970 1944 1069 1987 socrus
1090 1946 1135 1987 me
1155 1929 1275 1987 indusiis

110 2030 213 2103 aliquot
227 2031 354 2091 donauit.

188 2138 202 2210 j
216 2137 289 2196 Julii
302 2137 409 2195 mensis
416 2136 552 2197 Albertns
560 2136 657 2197 Draco
673 2144 739 2213 post
753 2144 882 2197 acturam
897 2139 927 2196 in
942 2155 1009 2199 arce
1024 2140 1192 2214 evangelion
1207 2156 1274 2213 pro·

111 2242 202 2314 posuit
215 2256 252 2300 ex
265 2257 329 2318 cap.
347 2242 466 2301 5anae
481 2242 519 2303 de
532 2244 690 2317 piscatione
706 2260 729 2300 s.
746 2243 835 2317 Petri,
852 2245 901 2316 qui
913 2245 1032 2317 jubente
1048 2244 1162 2305 l'lnristo
1177 2246 1273 2321 ceptio-

113 2361 168 2404 sam
181 2348 301 2421 piscium
315 2352 464 2422 capturam
478 2346 596 2407 lecerat.
624 2350 675 2407 Ait
689 2366 826 2407 summum
841 2350 926 2422 hnjus
941 2332 1081 2425 eranngelii
1101 2368 1173 2424 esse,
1197 2350 1275 2425 quud

111 2466 212 2528 eorum,
227 2455 278 2527 qni
292 2453 409 2513 Christo
424 2452 684 2527 exanimationes
701 2456 811 2513 nmmos
825 2455 914 2513 rai-ho
929 2461 1029 2513 sanitato
1043 2471 1096 2513 suo
1112 2468 1230 2526 ltasoere
1245 2461 1275 2513 nt

111 2572 227 2632 corporo
240 2575 341 2618 eornm
357 2557 428 2617 cibis
442 2557 561 2619 reficere
576 2560 654 2618 velit.
691 2559 722 2618 Si
737 2566 833 2617 tamen
847 2558 876 2614 in
892 2558 1037 2629 agnitione
1053 2566 1080 2615 et
1097 2556 1153 2616 tice
1168 2556 1275 2617 Christi

112 2667 326 2738 remanserint,
342 2672 373 2724 et
387 2666 534 2724 contexuit
548 2681 585 2723 en
600 2665 654 2723 hoc
668 2664 818 2737 evangelio
839 2661 984 2720 dochinus
1000 2678 1111 2722 notent.
1151 2660 1274 2721 emnam

111 2766 142 2826 tls
154 2768 346 2829 sollicitudine
361 2768 468 2829 Christi
483 2785 552 2843 erga
567 2785 644 2842 snos,
661 2774 691 2826 et
705 2768 729 2825 si
744 2773 823 2826 recte
838 2766 953 2825 rnennini
965 2768 1048 2840 juxta
1064 2766 1193 2827 ordinem
1208 2764 1276 2825 Phi·

111 2872 173 2948 hppi
187 2875 385 2934 Melanthonis
399 2882 496 2935 cetera
511 2874 651 2947 exposuit.

189 2982 218 3040 A
232 2981 356 3055 prandio
369 2981 557 3041 Bolthasarns
572 2997 590 3039 a
604 2979 807 3054 Quindenberg
822 2996 886 3037 cunt
906 2978 989 3037 renio
1013 2978 1145 3037 dimissus
1167 2976 1274 3037 Wiuta·

109 3085 175 3144 riam
189 3085 228 3146 atl
242 3086 387 3159 principes
401 3102 468 3145 suos
482 3086 577 3144 rediit.
615 3084 838 3144 Amandatimus
852 3082 953 3142 eadem
970 3080 1188 3141 Burchhnrtlnnt
1203 3098 1274 3141 nnn·

109 3190 173 3249 tium
187 3196 218 3251 at
233 3208 297 3250 cum
312 3197 431 3265 satrapa
446 3192 477 3248 in
491 3189 666 3249 Rudolstatlt
680 3191 805 3263 egimus,
831 3191 855 3247 si
876 3204 932 3260 (pua
953 3203 1041 3259 equos
1061 3185 1098 3244 atl
1114 3184 1273 3243 ducendum

108 3311 218 3356 currum
232 3314 286 3371 pro
300 3298 433 3357 mercede
448 3295 556 3355 hahere
570 3310 727 3368 possemus.
751 3294 863 3353 Aderat
878 3299 908 3351 et
921 3289 1100 3350 ltutlelstnthi
1116 3305 1189 3348 uxor
1205 3288 1272 3348 ‹loc-

108 3403 173 3491 teris
188 3402 357 3462 Melchioris
371 3402 409 3460 ah
424 3401 497 3461 Ossa
511 3417 576 3459 cum
591 3400 702 3459 duabus
717 3398 839 3460 fihabns.

191 3509 211 3582 ij
228 3508 301 3568 Julii
320 3509 350 3565 in
373 3508 478 3567 saceho
498 3507 585 3564 castri
605 3505 765 3565 Rudelstnd
784 3506 914 3564 dominus
935 3501 1071 3561 hibertus
1093 3500 1189 3561 Draco
1205 3515 1272 3559 con·

109 3614 232 3674 uenatus
249 3619 302 3687 ast,
318 3612 470 3673 historiam
484 3612 655 3671 visitationis
669 3611 772 3670 Manita
792 3627 828 3669 ex
843 3611 870 3670 tl.
888 3608 968 3666 Luca
989 3613 1151 3666 contexens.
1190 3604 1274 3663 Prius

111 3722 201 3778 tamen
214 3719 266 3793 ait,
283 3732 314 3777 se
329 3719 450 3777 alteram
466 3724 578 3791 partem
593 3717 743 3789 evangelii,
764 3716 818 3774 hoc
833 3720 876 3774 est
892 3714 927 3774 dc
942 3713 1114 3773 salutatione
1128 3706 1231 3767 Marini
1245 3708 1276 3763 et

110 3838 241 3899 responso
255 3822 407 3883 Elisabeth
428 3824 458 3882 in
472 3821 551 3882 aliud
565 3828 677 3895 tempus
694 3820 857 3880 dilaturum.
897 3818 1045 3877 Caniticnnn
1065 3827 1132 3871 voro
1148 3810 1275 3883 deipara

111 3929 223 4004 virginis
236 3929 281 3989 ita
296 3929 438 4004 exposuit,
453 3933 487 3987 ut
503 3928 601 3988 decem
615 3943 715 3986 versus
730 3926 871 3985 diuideret
893 3926 923 3982 in
939 3920 1052 3981 laudern
1068 3914 1174 3973 donninti
1188 3928 1223 3971 oc
1237 3910 1274 3971 tlc

112 4034 224 4109 singulis
240 4033 288 4094 dei
302 4032 466 4108 virtutibus,
482 4032 687 4106 misericordia,
704 4033 834 4104 potantia
848 4028 1013 4089 eternitate
1035 4020 1184 4090 loquentes
1198 4012 1274 4073 iacc-

113 4144 160 4199 tet
184 4139 263 4200 Inter
278 4143 378 4199 cetera
391 4138 438 4197 hic
452 4138 571 4214 notant,
587 4139 701 4199 beatam
716 4135 854 4209 virginem
868 4131 991 4193 Mariam
1006 4123 1122 4196 dixisse,
1142 4124 1275 4197 potantes
