2678 4546
693 64 760 130 228

135 248 244 306 murale
260 248 373 320 duplex.
411 245 508 306 Habet
523 251 552 306 et
566 243 672 306 fossam
689 251 814 305 castrum
830 245 1067 321 circumdantem,
1091 246 1123 305 in
1139 261 1201 320 qua
1215 259 1308 304 carcer

133 355 297 412 teterrimus
314 370 350 412 ex
364 369 435 426 rupe
452 353 562 411 excisus
579 358 607 411 et
622 357 726 426 puteus
742 349 946 426 profunditatis
961 348 1153 424 incredibilis,
1177 350 1218 410 ad
1232 350 1307 423 cujus

136 475 217 518 oram
232 475 295 517 cum
311 459 430 518 abietini
445 474 556 526 asseres
571 458 657 530 positi
673 460 776 531 essent,
793 455 948 516 Anastasia
963 457 1013 514 uni
1026 455 1130 515 borum
1145 455 1307 515 incumbens

136 572 203 625 ante
225 566 371 624 biennium
394 579 458 622 cum
480 563 559 636 putei
581 561 805 636 profunditatem
828 562 991 622 intueretur
1014 562 1164 636 subsedit,
1187 563 1244 620 nisi
1258 576 1307 633 ope

137 671 234 730 divina
249 676 396 729 asservata
410 667 511 727 fuisset
525 669 567 727 ita
587 673 619 726 ut
634 685 652 727 a
666 668 876 728 Lewensteinio
891 687 909 729 a
924 669 1008 728 Rhen
1027 685 1114 728 manu
1129 667 1307 744 apprehensa

136 775 340 849 attraheretur,
356 776 386 833 in
401 774 550 833 baratrum
565 773 620 833 hoc
635 774 772 846 absorpta
785 771 896 833 fuisset.
927 773 1012 832 Nunc
1027 789 1142 847 qnoque
1159 789 1214 832 arx
1228 771 1305 831 undi-

137 897 192 953 que
208 882 320 938 ruinam
335 881 469 953 minatur,
486 879 587 952 samis,
604 878 830 939 nocticoracibus
847 883 876 939 et
890 877 1052 940 bubonibus
1066 877 1225 952 hospitium
1239 893 1304 952 prue-

135 985 193 1044 bet.
232 985 394 1044 Proventus
412 966 483 1044 ¹vero
499 983 719 1043 Rudelstadium
741 985 856 1045 cedunt,
894 985 969 1044 Nam
989 972 1214 1058 Blandkenburg
1229 998 1303 1056 aequo

136 1088 196 1149 iere
213 1087 308 1162 spacio
324 1107 342 1150 a
358 1089 595 1165 Schwartzburgo
611 1094 640 1147 et
655 1086 842 1148 Rudelstadio
858 1089 955 1164 distat,
971 1089 1078 1149 scilicet
1092 1089 1201 1148 miliari
1215 1104 1278 1147 uno.

227 1196 366 1267 Tempore
392 1195 542 1253 vindemiae
569 1194 722 1267 praefectus
751 1193 932 1254 Rudelstadii
955 1195 986 1253 in
1011 1194 1095 1254 domo
1117 1194 1257 1254 torculari
1276 1207 1301 1251 se

137 1303 273 1361 continet.
327 1302 429 1360 Fuisse
460 1305 557 1387 autern
583 1299 701 1374 potandi
730 1298 853 1359 studium
881 1301 912 1359 in
934 1300 1078 1359 veteribus
1102 1300 1251 1361 comitibus
1272 1297 1301 1357 de

137 1407 370 1481 Schwartzburg,
397 1412 429 1464 ut
448 1404 509 1465 lere
531 1404 662 1464 omnibus
683 1403 834 1464 Germanis
850 1406 994 1480 peculiare
1009 1403 1077 1482 fuit,
1103 1413 1133 1466 et
1152 1405 1209 1467 boo
1223 1422 1299 1488 argu·

136 1520 232 1572 mento
248 1514 452 1596 cognovimus,
483 1513 558 1586 quod
572 1513 709 1570 torculari
731 1517 862 1570 truncum
877 1511 1003 1585 lignenm
1018 1513 1253 1586 ita‘excavatum,
1274 1517 1299 1569 nt

136 1618 262 1676 humoris
277 1619 399 1677 hominis
414 1619 514 1693 aptari>
525 1619 626 1693 possit,
637 1618 708 1691 iusti
723 1617 858 1690 ponderis
874 1623 904 1676 et
919 1633 955 1675 ex
969 1623 1072 1678 catena
1087 1616 1186 1694 ferrea
1202 1618 1297 1692 depen-

140 1724 253 1783 dentem
267 1723 396 1783 vidimus.
442 1723 519 1782 Usus
534 1728 629 1783 autem
644 1725 729 1797 hujus
744 1723 839 1780 trunci
854 1729 906 1796 est,
926 1726 959 1781 ut
974 1723 1024 1795 qui
1039 1722 1078 1781 sd
1094 1723 1221 1796 aequales
1236 1720 1296 1778 bun·

135 1835 196 1888 stus
215 1830 314 1889 bibere
333 1830 465 1903 voluerit,
488 1828 573 1902 huius
596 1831 669 1889 collo
689 1826 879 1903 appendatur.
918 1829 1013 1901 Ipsam
1032 1843 1130 1887 aroern
1151 1826 1190 1886 ob
1212 1825 1296 1901 pontis

135 1933 232 1993 trabes
248 1934 325 1993 tabie
347 1950 478 1994 corrosos
498 1935 608 1993 intrare
623 1950 680 1992 non
694 1934 783 1992 licuit.
822 1932 898 1991 Dum
919 1933 1007 2006 igitur
1023 1932 1110 1991 situm
1124 1933 1200 1993 arcis
1215 1931 1295 1991 oonsi-

136 2038 282 2112 duramus,
307 2040 384 2115 venit
397 2038 534 2099 Albertus
551 2039 681 2098 Piscator
693 2039 783 2112 judex
798 2041 828 2098 in
842 2037 1048 2112 Blankenburg
1063 2038 1178 2097 nomine
1192 2043 1295 2096 senatu

135 2141 433 2217 Blanckenburgensis
448 2160 552 2218 rogans
567 2150 600 2202 ut
615 2161 677 2203 cum
696 2159 785 2202 uxore
801 2144 901 2204 urbem
916 2141 1027 2217 ingredi
1042 2141 1233 2216 dignaremur,
1249 2154 1294 2215 quo

137 2246 199 2318 ejus
215 2253 244 2305 et
258 2249 349 2306 nostri
369 2249 499 2308 notitiam
518 2248 625 2309 habere
648 2254 677 2308 et
699 2252 766 2308 vino
781 2265 833 2308 nos
848 2248 992 2308 honorare
1007 2252 1135 2322 possent.
1174 2245 1294 2319 Quamus

138 2366 214 2424 aegre
234 2355 474 2427 consenserimuS,
504 2359 598 2414 tamen
613 2356 716 2413 civium
730 2355 936 2413 humanitatem
950 2352 1119 2412 incivilitate
1135 2358 1233 2411 nostra
1247 2365 1293 2408 non

136 2456 313 2516 obruendam
328 2461 384 2517 rati
404 2476 457 2532 per
480 2460 588 2519 declive
607 2461 711 2520 montis
731 2458 933 2517 descendentes
949 2457 1038 2532 pedes
1051 2458 1152 2517 urbem
1168 2458 1292 2516 intramus

135 2568 214 2620 recta
235 2563 349 2622 domum
368 2562 482 2622 Alberti
505 2565 660 2623 Piscatoris
682 2563 831 2636 adeuntes,
854 2563 903 2621 ubi
915 2564 974 2636 jam
989 2567 1050 2621 tum
1065 2563 1095 2620 in
1110 2562 1204 2621 medio
1219 2559 1291 2619 cuna

135 2667 187 2725 sub
202 2667 249 2725 dio
265 2685 369 2728 mensas
391 2671 605 2744 positae'erant.
646 2669 776 2727 Salutata
796 2669 884 2742 igitur
904 2655 1042 2728 uxore'et
1063 2667 1162 2728 liberis
1182 2669 1242 2741 ejvs
1256 2665 1291 2722 rix

134 2772 372 2858 consedebamus,
394 2775 462 2846 quin
482 2775 652 2832 secretarius
675 2772 755 2831 urbis
769 2789 832 2831 cum
847 2775 938 2833 altero
954 2773 1101 2832 consulum
1117 2773 1229 2833 adesset
1241 2769 1291 2829 feli·

137 2890 197 2932 cem
220 2883 348 2936 nostrum
369 2879 522 2938 adventum
547 2878 609 2937 fore
629 2883 792 2951 precantes,
819 2879 1005 2953 propinantes
1030 2879 1097 2939 vina
1121 2886 1151 2938 et
1173 2871 1291 2951 quicquid

134 2981 210 3054 apud
225 2982 301 3054 ipsos
315 2985 486 3057 insumptari
509 3000 646 3058 essemus,
670 2991 813 3059 praeterea
836 2989 865 3042 et
880 3000 932 3043 sua
946 2981 1042 3043 officia
1058 2983 1229 3044 deferentes.
1250 2979 1290 3039 ll·

133 3084 232 3144 bertus
247 3090 376 3148 Piscator
392 3091 517 3149 variolos
532 3093 623 3163 pisces
640 3092 757 3164 opipare
773 3094 899 3149 coxerat.
939 3089 1082 3147 iussimus
1097 3088 1187 3163 igitur
1202 3099 1289 3146 consu·

134 3191 189 3248 lem
205 3196 234 3248 et
249 3210 314 3252 suos
329 3197 453 3254 asseclas
474 3195 600 3254 assidere
622 3212 656 3254 ac
678 3197 740 3258 sitis
754 3196 918 3268 laetitiaeque
941 3200 1084 3254 crateram
1099 3194 1219 3253 invicem
1233 3187 1290 3250 bibi·

134 3312 196 3353 mus
212 3304 345 3356 caventes
361 3315 378 3357 a
393 3300 487 3358 tertio.
526 3301 596 3358 Mox
612 3316 725 3373 quoqne
740 3303 935 3384 ludimagister
956 3305 985 3359 et
1000 3301 1083 3374 pueri
1093 3301 1229 3371 ¹aderant,
1245 3297 1290 3354 ino

135 3407 164 3458 et
184 3407 332 3461 senatores
355 3406 477 3478 aliquot,
500 3407 607 3466 musica
628 3424 712 3465 aures
736 3412 850 3465 nostras
873 3405 1075 3465 demulcentes.
1114 3405 1155 3464 Et
1176 3401 1289 3480 profero

134 3507 229 3563 mirati
244 3524 339 3566 sumus
355 3511 560 3570 humanitatem
574 3512 676 3570 borum
687 3512 800 3584 civium,
817 3513 866 3584 qui
881 3510 1012 3584 ampliori
1023 3510 1094 3570 urbe
1106 3510 1188 3584 digni
1200 3509 1289 3569 essem

131 3611 217 3668 Venit
232 3617 261 3670 et
276 3613 392 3685 quidam
407 3614 554 3688 Andreas,
577 3617 627 3689 qui
647 3617 744 3674 uxoris
766 3617 832 3676 olim
854 3614 991 3674 nutricius
1014 3613 1109 3674 fn'erat
1130 3620 1159 3674 et
1178 3617 1289 3689 quattor

130 3718 250 3783 serarius
265 3719 295 3775 in
312 3718 538 3792 Schwartzburg.
578 3719 684 3778 Consul
707 3721 834 3780 loannes
858 3721 942 3781 Hack
965 3719 1079 3779 diversa
1094 3720 1178 3780 nobis
1193 3719 1228 3778 de
1242 3715 1288 3775 ior

130 3825 200 3878 tuna
215 3826 244 3879 et
264 3821 323 3882 fato
345 3825 498 3883 civitatula
518 3822 602 3896 hujus
623 3831 652 3883 et
677 3825 753 3898 quod
775 3832 880 3898 praeter
900 3823 1062 3883 incendium
1083 3825 1196 3898 mundo
1217 3816 1289 3882 sonci

130 3931 216 3996 atque
236 3928 340 3985 iterum
362 3933 473 4002 segetes
489 3930 679 4002 concusserit,
695 3931 803 3989 retulit.
842 3929 922 3988 Idem
946 3926 1023 4002 quod
1037 3928 1138 4003 oppidi
1152 3928 1249 3990 incola
1262 3935 1289 3982 εἰ

130 4028 277 4087 vinearum
293 4037 321 4090 et
336 4048 471 4106 agrorum
486 4032 598 4090 cultura
618 4034 761 4107 victitent;
783 4040 880 4094 tamen
899 4039 932 4092 nt
946 4039 1049 4092 ceterae
1066 4034 1197 4094 civitates
1211 4030 1289 4093 nulus

118 4128 251 4193 habeant
267 4138 313 4197 vel
326 4136 473 4201 nundinas
488 4136 535 4199 vel
549 4138 775 4216 negotiationes,
799 4139 927 4204 nonnulli
947 4153 1064 4215 quoque
1079 4155 1180 4204 eorum
1194 4155 1230 4206 0¹
1241 4137 1288 4214 lii‘
